2934 4750
538 215 598 273 Lib.
616 217 652 277 Π.
690 219 801 277 15-18.

69 358 174 443 Belgis
196 360 389 444 reliquisque
413 360 514 428 Gallis
538 360 714 444 complures
739 361 907 428 Caesarem
937 362 1038 428 secuti
1068 382 1133 430 una
1160 364 1221 430 iter

68 465 220 547 lacerent,
247 467 373 549 quidam
403 485 442 532 ex
468 466 526 548 bis,
561 471 597 532 nt
624 472 735 549 postea
763 487 800 532 ex
824 468 956 550 captivis
979 470 1140 550 cognitum
1163 476 1220 551 est,

68 590 175 638 eorum
203 573 326 638 dierum
354 574 579 640 consuetudine
608 574 731 640 itineris
755 574 856 639 nostri
878 574 1033 639 exercitos
1056 582 1222 657 perspecta

67 684 157 744 nocte
185 678 226 744 ad
248 678 380 745 Nervios
409 685 620 762 pervenemnt
650 685 747 764 atque
769 679 819 745 his
842 680 1109 761 demonstrarunt,
1139 682 1223 748 inter

67 784 209 868 singulas
231 784 372 868 legiones
406 781 702 868 impedimentomm
738 803 888 870 magnum
920 804 1086 852 numerum
1123 787 1223 853 inter-

68 891 190 972 cedere,
214 909 317 972 neque
341 908 411 958 esse
433 893 600 975 quicquam
616 893 746 977 negotii,
769 912 840 960 cum
856 893 958 975 prima
973 892 1054 974 legio
1069 893 1102 956 in
1118 898 1224 959 castra

67 997 208 1063 venisset
236 997 437 1081 reliquaeque
459 997 599 1082 legiones
622 1017 769 1080 magnum
794 999 932 1081 spatium
955 998 1112 1078 abessent,
1142 997 1223 1064 hanc

66 1103 124 1169 sub
148 1103 282 1170 sarcinis
304 1104 437 1182 adoriri3
467 1121 530 1186 qua
551 1103 643 1188 pulsa
665 1104 960 1187 impedimentisque
983 1104 1115 1186 direptis
1137 1103 1258 1174 futu-s

67 1228 152 1289 mm,
180 1214 217 1274 ut
246 1208 386 1293 reliquae
418 1216 530 1277 contra
553 1211 727 1277 consistere
749 1228 812 1277 non
835 1211 998 1278 auderent.
1045 1210 1259 1281 Adiuvabatr

67 1315 163 1381 etiam
188 1334 297 1382 eornm
320 1315 494 1399 consilium,
525 1318 666 1400 quirem
691 1315 884 1399 deferebant,
908 1317 992 1400 quod
1014 1315 1122 1382 Nervii
1145 1317 1225 1381 anti·

67 1422 192 1504 quitus,
226 1440 297 1487 cum
324 1423 467 1504 equitatu
496 1422 574 1488 nihil
604 1428 734 1506 possent
766 1460 804 1471 -
841 1441 944 1506 neque
976 1423 1059 1489 enim
1091 1423 1132 1488 ad
1166 1422 1226 1488 boc

67 1533 194 1611 tempus
217 1529 246 1593 ei
260 1529 305 1594 rei
322 1528 459 1609 student,
483 1529 549 1611 sed,
573 1527 722 1612 quiequid
738 1535 880 1612 possunt,
904 1528 1104 1612 pedestribus
1120 1527 1227 1593 valent

69 1634 167 1717 copiis
185 1669 236 1712 -,
259 1650 321 1715 qno
336 1632 462 1700 facilius
477 1631 681 1700 finitimorum
697 1635 881 1716 equitatum,
898 1634 925 1699 si
940 1633 1113 1716 praedandi
1130 1652 1227 1699 causa

68 1741 107 1806 ad
128 1757 184 1807 eos
199 1740 366 1822 venissent,
387 1740 587 1823 impedirent,
610 1743 727 1806 teneris
752 1740 917 1807 arboribus
940 1741 1046 1806 incisis
1069 1745 1165 1821 atque
1179 1740 1226 1804 in-

68 1843 158 1912 flexis
181 1845 363 1927 crebrisque
385 1846 416 1911 in
440 1845 639 1912 latitudinem
663 1847 760 1912 ramis
783 1847 886 1913 enatis
909 1851 941 1912 et
966 1846 1054 1912 robis
1068 1846 1226 1911 sentibus-

69 1970 129 2034 que
154 1952 328 2018 interiectis
351 1950 530 2034 effecerant,
555 1959 590 2018 ut
612 1952 715 2019 instar
738 1953 820 2018 muri
841 1953 901 2019 hae
923 1969 1014 2035 sepes
1033 1953 1227 2018 munimenta

68 2059 272 2141 praeberent,
306 2075 368 2140 quo
396 2077 458 2125 non
486 2059 579 2125 modo
607 2060 743 2140 intrari,
771 2059 827 2126 sed
856 2078 897 2124 ne
931 2059 1070 2142 perspici
1100 2058 1227 2140 quidem

68 2169 189 2247 posset.
234 2163 293 2230 His
321 2153 420 2230 rebus
449 2183 519 2230 curn
546 2165 607 2231 iter
629 2166 762 2247 agminis
785 2165 885 2231 nostri
907 2165 1130 2248 impediretur,
1163 2181 1262 2234 nous

70 2270 281 2337 omittendum
305 2270 364 2336 sibi
387 2271 552 2337 consilium
574 2269 684 2336 Nervii
705 2271 974 2338 existimaverunt.

162 2382 212 2443 18.
249 2376 326 2444 Loci
356 2384 470 2445 natura
497 2384 568 2445 erat
597 2378 689 2459 haec,
725 2396 819 2460 quem
849 2378 954 2445 locum
985 2377 1087 2444 nostri
1116 2376 1262 2448 castrisr

71 2483 268 2565 delegerant.
320 2482 417 2551 (loliis
451 2485 492 2551 ab
523 2503 645 2551 summo
674 2485 851 2568 aequaliter
881 2484 1009 2551 declivis
1041 2484 1083 2550 ad
1113 2480 1230 2548 flumen

71 2589 197 2671 Sabim,
228 2589 313 2671 quod
341 2609 439 2674 supra
470 2591 715 2673 nominavimus,
748 2591 909 2675 vergebat.
958 2589 1005 2655 Ab
1034 2608 1071 2655 eo
1102 2586 1264 2659 fluminea

72 2697 144 2779 pari
173 2694 352 2763 acclivitate
381 2695 468 2763 collis
500 2698 693 2763 nascebatur
715 2699 868 2764 adversus
890 2697 964 2762 huic
986 2701 1019 2762 et
1041 2694 1230 2772 contrarius,

72 2819 187 2885 passus
219 2802 344 2867 circiter
374 2802 527 2869 ducentos
557 2802 681 2868 infimus
710 2808 850 2886 apertus,
885 2803 926 2868 ab
953 2802 1116 2884 superiore
1138 2804 1230 2882 parte

107 2947 135 2998 2.
161 2956 254 2997 eoram
272 2940 378 2994 dieram
396 2941 589 2996 commetmdme
605 2942 652 2996 itt·
741 2946 767 2998 4.
801 2942 904 2996 tamaris
932 2940 1076 2996 arborabua
1106 2945 1157 2998 etc
1193 2939 1284 3007 Junge

72 3029 147 3085 maria
164 3029 254 3085 nostri
272 3028 405 3083 coercitus
429 3029 489 3098 „die
513 3030 541 3084 in
560 3030 652 3086 diesen
705 3030 931 3086 Btumevurdeu
943 3028 1158 3097 eingeschnitten
1171 3027 1284 3082 undnur

73 3116 652 3188 TagencingehaltencMarschordnungnn·
706 3118 782 3173 Erde
799 3116 1025 3186 niedergebogen,
1043 3132 1075 3171 so
1088 3116 1148 3171 duis
1160 3117 1204 3172 die
1216 3106 1285 3171 itate

74 3205 288 3271 seresHeeres“;
298 3205 655 3277 eineseltenchrbindung
707 3207 736 3261 in
755 3206 799 3261 die
811 3207 902 3261 Breite
913 3205 1042 3260 vuchsen
1060 3205 1115 3260 nnd
1127 3206 1207 3260 einen
1217 3206 1285 3260 Ver·

75 3295 167 3351 dreier
196 3295 325 3351 Genetiva
354 3296 405 3350 mit
432 3296 520 3351 einem
548 3296 652 3361 Sobata
707 3295 763 3348 bau
781 3293 911 3352 bildeten.
929 3323 963 3334 -
981 3293 1159 3349 munimenta.
1192 3294 1285 3348 Durch

76 3383 164 3440 ofters
183 3382 275 3438 finden
293 3382 352 3439 sich
368 3384 436 3439 evei
454 3384 552 3439 Genet.
579 3384 613 3440 cf.
632 3385 653 3440 1.
708 3382 847 3450 derartige
865 3382 992 3437 Verbane
1017 3396 1110 3437 varen
1139 3383 1214 3437 nicht
1241 3382 1286 3435 die

76 3476 118 3529 30.
138 3476 165 3528 2.
184 3472 245 3529 vll.
264 3473 306 3527 76.
324 3476 342 3526 2
360 3489 388 3531 u.
407 3477 431 3527 o.
451 3502 485 3511 -
508 3473 582 3526 ieter
598 3472 654 3526 ain-
708 3470 832 3526 Grenaen
845 3470 893 3525 des
906 3469 1025 3539 Laudes,
1043 3470 1162 3526 sondern
1174 3472 1218 3526 die
1230 3472 1285 3525 ein·

76 3560 157 3629 palos
165 3559 290 3630 laetanea.
304 3558 655 3629 Somarschierte0.,vonn
707 3560 803 3615 aelnen
821 3558 999 3615 Ortschaften
1017 3561 1168 3629 geschdtat
1183 3588 1213 3599 -
1233 3572 1286 3625 qao

77 3666 107 3704 er
114 3648 273 3705 auiscrhalb
281 3648 654 3705 desieindiicbenBereiches
709 3671 742 3695 =
761 3650 788 3703 in
806 3663 876 3717 qnae
896 3647 930 3706 ci.
948 3664 983 3702 an
1001 3649 1022 3702 1.
1041 3653 1084 3703 42.
1103 3650 1129 3705 5.

78 3739 136 3794 sich
153 3738 263 3795 befand.
289 3766 324 3779 -
351 3738 597 3807 impedimentorum
620 3737 655 3795 ci.
699 3744 716 3770 f
744 3737 790 3792 18.
808 3735 1048 3803 zebaotlmmime,
1067 3734 1286 3801 auidemgegen-

77 3845 112 3883 zu
130 3829 152 3884 1.
169 3831 213 3883 24.
224 3830 249 3881 4.
267 3856 301 3866 -
319 3824 350 3879 im
362 3830 454 3880 castra
468 3843 544 3897 „num
555 3826 656 3893 Lagar-
709 3824 920 3894 dberliegenden
931 3825 1046 3880 rechten
1059 3823 1132 3879 Uien
1144 3851 1179 3860 -
1195 3836 1285 3875 mosce-

78 3915 178 3986 plata“.
189 3930 360 3984 -moqmmm
371 3915 492 3983 opattam
505 3914 657 3985 „nocheine
710 3914 793 3967 batur
812 3913 914 3982 „erbob
932 3911 1016 3968 sicb‘t
1035 3942 1069 3951 -
1081 3910 1221 3975 marae,
1240 3909 1288 3963 mit

79 4005 172 4073 grosse
186 4003 328 4063 Strecke“.
348 4032 380 4045 -·
393 4004 442 4058 aab
455 4004 583 4061 scrotm's.
599 4001 656 4057 Der
710 4002 758 4057 der
775 4002 920 4071 vorderen,
945 3999 1131 4069 abgedacbten
1150 3997 1225 4052 Seite
1242 4015 1287 4052 zu·

80 4092 235 4149 adverbiale
259 4092 406 4148 Ansdruclr
433 4092 509 4147 steht
539 4091 584 4145 fur
613 4091 657 4145 ein
709 4090 862 4159 pavendam
887 4088 1053 4155 mattarios,
1070 4087 1172 4156 gerade
1190 4102 1288 4154 gegan-

81 4182 259 4251 Partizipium
283 4180 459 4251 (impeditos).
495 4180 587 4235 Wenn
615 4179 657 4233 die
710 4179 779 4234 uber
803 4195 846 4233 arn
871 4177 993 4234 anderen
1012 4175 1080 4230 Uict
1099 4176 1148 4230 des
1166 4175 1288 4230 Flnsses.

81 4276 147 4325 rom.
175 4269 307 4326 Soldaten
333 4270 377 4324 ins
405 4268 521 4323 Geiecht
549 4268 657 4335 gingen,
712 4298 744 4307 -
772 4267 882 4333 infimas
906 4288 939 4311 =
959 4264 993 4320 ab
1020 4264 1112 4319 infima
1139 4270 1227 4333 parte.
1255 4292 1286 4302 —

83 4357 173 4428 legten
191 4359 232 4415 sie
250 4358 294 4411 ibr
313 4356 425 4425 Gepltck
443 4356 486 4412 ab.
711 4360 835 4423 ammos,
852 4356 889 4409 im
901 4352 1057 4420 Gegensatz
1075 4370 1110 4407 zu
1129 4351 1271 4407 silvestris.
