2934 4750
177 64 219 124 56
643 77 685 131 De
704 77 774 132 bella
793 77 908 134 Gallico.

231 219 398 285 Caesarem
421 220 545 303 legatos
562 238 732 300 numquam
754 221 916 286 miserant.
960 219 1039 286 Cum
1064 220 1112 287 bis
1128 239 1198 287 esse
1219 221 1390 305 hospitium

231 327 404 410 Ambiorigi
420 327 551 405 sciebat;
576 326 653 393 item
676 344 733 408 per
750 326 904 393 Treveros
927 327 1051 392 venuse
1068 327 1234 393 Germanis
1256 327 1289 392 iu
1311 327 1391 392 ami-

195 430 337 499 ocitiam
361 437 561 514 cognoverat.
608 432 698 498 Haec
725 433 814 515 prius
841 431 888 497 illi
916 431 1114 498 detrahenda
1141 432 1256 498 auxilia
1286 433 1392 498 existi·

230 538 347 616 mabat,
371 557 467 619 quam
489 539 593 620 ipsum
608 536 692 604 bello
715 537 895 619 lacesseret,
921 557 961 604 ne
985 538 1153 620 desperata
1168 539 1270 606 salute
1285 543 1344 604 aut
1360 557 1393 604 se

227 643 261 708 iu
277 643 442 725 Menapios
465 644 599 710 abderet
622 649 679 710 aut
693 663 765 710 cum
781 644 1031 710 Transrhenanis
1048 644 1198 728 congredi
1213 649 1389 724 cogeretur.

194 748 299 814 6Hoc
326 750 404 816 inito
428 751 556 816 consilio
581 751 680 816 totius
710 751 866 817 exercitus
895 751 1121 834 impedimenta
1152 750 1193 815 ad
1217 750 1391 815 Labienum

230 855 263 920 in
285 854 436 922 Treueros
467 857 566 922 mittit
596 856 738 938 duasque
761 857 802 922 ad
826 875 897 923 eum
927 857 1068 940 legiones
1099 855 1257 939 proficisci
1286 856 1389 936 iubet;

229 961 297 1042 ipse
314 980 383 1026 cum
407 961 584 1044 legionibus
607 963 761 1044 expeditis
777 963 915 1046 quinque
938 964 971 1027 in
988 963 1151 1044 Menapios
1175 959 1390 1044 proficiscitur.

196 1065 281 1132 allii
304 1067 392 1132 nulla
415 1076 526 1134 coacta
549 1087 644 1134 manu
666 1068 727 1134 loci
751 1069 909 1152 praesidio
933 1067 1006 1135 freti
1029 1069 1060 1134 in
1083 1069 1178 1134 silvas
1200 1067 1392 1150 paludesque

229 1170 415 1252 confugiunt
436 1191 555 1256 suaque
578 1174 690 1240 eodem
715 1173 889 1240 conferunt.
963 1190 970 1204 ’

198 1291 210 1342 1
321 1283 350 1344 6.
376 1278 494 1345 Caesar
508 1281 636 1361 partitis
660 1281 759 1363 copiis
776 1300 846 1346 cum
864 1278 897 1354 C.
919 1279 1018 1346 Fabio
1041 1281 1147 1363 legato
1170 1288 1202 1346 et
1219 1281 1259 1346 M.
1278 1278 1390 1344 Crasso

231 1392 399 1464 quaestore
423 1385 628 1468 celeriterque
652 1384 772 1452 effectis
795 1387 943 1468 pontibus
968 1386 1035 1452 adit
1057 1387 1227 1468 tripertito,
1250 1383 1391 1451 aedificia

230 1489 379 1572 vicosque
394 1491 543 1572 incendit,
561 1510 675 1572 magno
686 1493 808 1574 pecoris
824 1500 920 1575 atque
936 1491 1097 1558 hominum
1114 1510 1245 1558 numero
1262 1493 1390 1574 potitur.

198 1595 355 1673 aQuibus
386 1597 480 1663 rebus
512 1598 614 1663 coacti
639 1598 778 1680 Menapii
807 1598 930 1681 legatos
961 1598 1001 1664 ad
1030 1617 1100 1664 eum
1128 1600 1214 1680 pacis
1236 1598 1392 1680 petendae

195 1712 330 1766 acausa
352 1703 492 1770 mittunt.
539 1703 597 1768 Ille
626 1704 788 1769 obsidibus
819 1705 957 1786 acceptis
980 1704 1118 1769 hostium
1148 1722 1181 1768 se
1208 1703 1392 1770 habitururn

231 1825 363 1872 numero
387 1806 560 1886 confirmat,
592 1809 620 1873 si
642 1816 699 1874 ant
722 1809 935 1890 Ambiorigem
963 1813 1020 1874 aut
1043 1810 1109 1875 eius
1132 1807 1256 1891 legatos
1280 1807 1392 1874 finibus

192 1914 295 1978 esuis
322 1915 524 1996 recepissent.
570 1913 629 1979 His
660 1913 852 1981 confirmatis
881 1914 977 1981 rebus
1005 1913 1179 1980 Commium
1208 1914 1391 1979 Atrebatem

229 2037 299 2084 cum
325 2021 469 2100 equitatu
492 2021 630 2086 custodis
653 2021 722 2087 loco
746 2023 777 2086 in
802 2021 957 2102 Menapiis
980 2021 1144 2103 relinquit3
1170 2020 1237 2102 ipse
1260 2019 1295 2084 in
1318 2020 1390 2086 Tre·

229 2142 320 2189 ueros
343 2123 561 2206 proficiscitur.

194 2240 211 2288 1
320 2236 349 2295 7.
376 2231 456 2295 Dum
481 2231 559 2297 haec
582 2251 602 2296 a
625 2231 761 2297 Caesare
783 2238 946 2314 geruntur,
977 2231 1106 2296 Treveri
1129 2231 1251 2310 magnis
1275 2230 1381 2296 coactis

230 2334 390 2416 peditatus
414 2337 638 2419 equitatusque
661 2338 759 2420 copiis
775 2337 950 2403 Labienum
974 2355 1045 2402 aum
1068 2354 1133 2401 una
1154 2334 1288 2417 legione,
1313 2353 1386 2419 quae

173 2475 279 2544 legatos
296 2492 444 2543 numquam
461 2476 610 2544 miserant,
630 2478 755 2532 dasselbe
810 2477 844 2533 ci.
865 2478 896 2532 V.
916 2480 958 2531 24.
979 2480 995 2531 2
1014 2494 1039 2531 n.
1059 2479 1083 2530 3.
1104 2504 1135 2515 -
1152 2475 1294 2543 pontibus,
1315 2476 1388 2530 diese

176 2564 245 2617 wird
267 2564 314 2617 ill.
333 2566 376 2618 28.
396 2569 419 2618 l.
439 2574 543 2632 gesagt.
810 2566 923 2621 ddhrten
943 2565 1009 2619 iiber
1028 2564 1071 2619 die
1091 2562 1209 2631 Sdmpie.

213 2655 237 2706 5.
264 2652 395 2721 congredi
419 2653 678 2722 zusammengehen‚
699 2653 757 2707 sic⁴n
847 2658 871 2709 3.
898 2653 1016 2707 bostiam
1034 2668 1061 2705 se
1086 2651 1245 2705 habitarum
1268 2666 1389 2716 numero,

176 2741 342 2811 vereinigen.
374 2770 408 2780 -
437 2747 577 2811 caperetur
607 2742 683 2811 „sich
713 2757 758 2808 ge·
813 2743 913 2797 ebenso
934 2758 956 2797 c.
979 2744 1018 2795 13.
1039 2742 1055 2793 7
1073 2739 1101 2793 hi
1115 2755 1229 2793 numero
1248 2740 1392 2807 impiorum

176 2844 308 2897 auungeu
322 2829 419 2893 sahe“;
436 2830 549 2899 Subjekt
563 2830 598 2883 ist
609 2830 758 2883 Ambiorix.
813 2848 845 2886 ac
872 2830 1069 2885 sceleratorum
1081 2826 1243 2891 'habentem
1270 2828 1393 2895 dagegen

213 2921 238 2971 6.
256 2918 295 2971 ad
310 2916 463 2972 Labienum
477 2918 508 2971 ia
523 2918 659 2975 Treueros.
678 2917 756 2971 Nacb
812 2922 945 2974 c.32.1ne
953 2932 982 2971 se
993 2918 1265 2971 inhostiumnumero
1273 2916 1392 2969 duceret.

177 3006 209 3060 V.
240 3010 282 3061 24.
307 3011 323 3060 2
353 3007 429 3062 hatte
457 3007 597 3081 Labienus
629 3006 673 3060 bei
704 3004 756 3062 den
845 3011 870 3062 4.
891 3007 948 3061 His
958 3005 1124 3073 condensatis
1133 3004 1317 3058 rebas=His
1328 3019 1390 3057 con·

178 3093 295 3147 Remern
304 3111 329 3148 u.
337 3094 757 3150 zuarinconduioTreverorum
811 3096 917 3150 stitutis
929 3092 1212 3149 rebus-Commium
1223 3091 1393 3158 Atrebatem,

177 3182 242 3235 hart
268 3198 303 3236 an
333 3182 381 3237 der
410 3184 515 3237 Grenae
545 3183 594 3236 der
622 3183 758 3237 Treverer
812 3185 881 3237 nach
894 3184 940 3237 Vl.
955 3181 1117 3236 21.7hatte
1137 3180 1166 3234 G.
1179 3179 1226 3233 ihn
1246 3180 1288 3235 als
1300 3179 1391 3246 Kdnig

177 3270 365 3337 riberwintert,
385 3270 513 3325 wahrend
532 3270 590 3325 hier
608 3288 633 3325 u.
654 3288 677 3325 c.
697 3275 721 3325 7.
742 3276 755 3324 1
811 3272 861 3326 der
880 3271 1031 3326 atrebaten
1051 3270 1212 3337 eingesetzt.

177 3358 227 3413 das
241 3358 319 3412 Land
339 3358 386 3412 der
398 3360 535 3412 Treverer
548 3358 589 3412 als
601 3358 652 3412 Ort
665 3359 757 3413 seines

177 3445 374 3513 Winterlagers
398 3454 520 3515 genennt
546 3446 622 3501 wird.
659 3446 758 3501 Wahr·
991 3413 1068 3495 de.
1091 3416 1108 3477 7
1131 3429 1161 3477 Π·
1184 3410 1212 3477 8·
1323 3468 1328 3479 ·

178 3533 331 3588 scheialich
353 3536 430 3588 hatte
448 3534 585 3589 Labienus
607 3536 679 3590 nach
698 3535 759 3589 dem
814 3530 1233 3599 SiegdesLablenusdberdie
1246 3530 1394 3585 Treverer.

177 3621 290 3689 Abzuge
310 3622 358 3675 der
377 3622 512 3677 Treverer
530 3623 573 3692 (V.
593 3626 635 3677 53.
655 3623 682 3692 2)
701 3624 761 3677 sein
851 3624 878 3677 7.
901 3628 923 3676 l.
937 3621 1081 3689 peditatus
1092 3620 1284 3689 equitatusque
1302 3617 1395 3685 copiis,

112 3696 116 3700 ’
177 3711 268 3777 Lager
277 3726 326 3765 aus
335 3711 394 3765 dem
403 3711 662 3779 GebietderRemer
672 3712 699 3765 in
713 3712 761 3765 das
816 3726 847 3765 so
858 3711 967 3765 vertritt
978 3710 1065 3765 ofters
1075 3708 1124 3764 der
1134 3708 1250 3763 Genetiv
1260 3705 1304 3761 die
1310 3705 1396 3760 Stella

75 3850 82 3861 ,
178 3798 228 3853 der
241 3800 385 3866 Treverer,
404 3800 433 3852 in
451 3800 494 3854 die
508 3800 620 3868 Gegend
634 3800 682 3853 der
695 3800 761 3853 heu·
817 3799 865 3853 der
886 3798 1060 3866 Appositian,
1087 3796 1120 3852 cf.
1141 3812 1163 3850 c.
1191 3794 1267 3849 10.1
1295 3792 1398 3848 auxilia
1463 3858 1464 3869 ἵ

176 3889 253 3955 ligea
272 3888 431 3955 belglscheu
446 3887 525 3942 Stadt
541 3888 627 3941 Arion
647 3887 762 3955 verlegt.
816 3886 956 3956 peditatus
966 3886 1172 3953 equitatusque.
1183 3912 1214 3921 -—
1227 3881 1397 3935 hiemaverat.
1463 3913 1464 3931 r

210 3977 241 4031 o.
273 3982 296 4030 l.
313 3977 438 4045 partitis,
452 3976 501 4031 das
515 3976 616 4031 Partis.
628 3975 702 4032 Peri.
716 3992 762 4044 ge·
817 3973 868 4027 Die
878 3974 981 4042 Legiou
994 3988 1051 4027 war
1066 3988 1139 4025 zuar
1157 3970 1229 4025 noch
1242 3970 1311 4034 dart,
1331 3968 1398 4023 aber
1463 3984 1464 4055 q

173 4066 295 4119 braucht
313 4066 343 4119 Ο,
357 4064 519 4133 passivisch,
538 4063 571 4118 cf.
591 4080 614 4118 o.
628 4067 670 4119 33.
691 4069 760 4117 1.-
816 4062 893 4116 nicht
902 4062 980 4116 mehr
990 4062 1026 4115 im
1034 4059 1232 4126 Winterlager,
1243 4056 1277 4111 da
1287 4072 1315 4111 es
1325 4055 1396 4110 nach
1463 4062 1464 4107 3

174 4150 209 4207 0.
218 4151 403 4221 Fabiolapato
414 4150 602 4206 atMOrasso
610 4157 762 4220 quaestore,
816 4166 839 4204 c.
860 4154 883 4203 4.
905 4154 920 4203 3
945 4149 1050 4204 bereita
1070 4148 1193 4203 Sommer
1211 4160 1274 4200 aar.
