<?xml version="1.0" encoding="UTF-8"?>
<!DOCTYPE html PUBLIC "-//W3C//DTD XHTML 1.0 Transitional//EN"
    "http://www.w3.org/TR/xhtml1/DTD/xhtml1-transitional.dtd">
<html xmlns="http://www.w3.org/1999/xhtml" xml:lang="en" lang="en">
 <head>
  <title>
</title>
<meta http-equiv="Content-Type" content="text/html;charset=utf-8" />
  <meta name='ocr-system' content='tesseract 3.04.00' />
  <meta name='ocr-capabilities' content='ocr_page ocr_carea ocr_par ocr_line ocrx_word'/>
</head>
<body>
  <div class='ocr_page' id='page_1' title='image "./ciuliicaesarisc00waltgoog_0166.png"; bbox 0 0 2934 4750; ppageno 0'>
   <div class='ocr_carea' id='block_1_1' title="bbox 178 215 919 284">
    <p class='ocr_par' dir='ltr' id='par_1_1' title="bbox 178 215 919 284">
     <span class='ocr_line' id='line_1_1' title="bbox 178 215 919 284; baseline 0.012 -11"><span class='ocrx_word' id='word_1_1' title='bbox 178 216 221 273; x_wconf 76' lang='lat' dir='ltr'>lo</span> <span class='ocrx_word' id='word_1_2' title='bbox 621 215 625 222; x_wconf 75' lang='grc'><strong>’</strong></span> <span class='ocrx_word' id='word_1_3' title='bbox 655 229 696 282; x_wconf 88' lang='lat' dir='ltr'>De</span> <span class='ocrx_word' id='word_1_4' title='bbox 714 227 787 283; x_wconf 92' lang='lat' dir='ltr'>bello</span> <span class='ocrx_word' id='word_1_5' title='bbox 807 227 919 284; x_wconf 81' lang='lat' dir='ltr'>Gallico.</span> 
     </span>
    </p>
   </div>
   <div class='ocr_carea' id='block_1_2' title="bbox 115 345 1461 2358">
    <p class='ocr_par' dir='ltr' id='par_1_2' title="bbox 115 345 1461 1934">
     <span class='ocr_line' id='line_1_2' title="bbox 234 345 1461 453; baseline 0 -21"><span class='ocrx_word' id='word_1_6' title='bbox 234 369 347 450; x_wconf 89' lang='lat' dir='ltr'>quibus</span> <span class='ocrx_word' id='word_1_7' title='bbox 374 390 444 436; x_wconf 87' lang='lat' dir='ltr'>eum</span> <span class='ocrx_word' id='word_1_8' title='bbox 473 371 567 453; x_wconf 85' lang='lat' dir='ltr'>paulo</span> <span class='ocrx_word' id='word_1_9' title='bbox 595 372 717 437; x_wconf 82' lang='lat' dir='ltr'>tardius</span> <span class='ocrx_word' id='word_1_10' title='bbox 742 375 824 436; x_wconf 86' lang='lat' dir='ltr'>esset</span> <span class='ocrx_word' id='word_1_11' title='bbox 847 371 1110 448; x_wconf 86' lang='lat' dir='ltr'>administratum,</span> <span class='ocrx_word' id='word_1_12' title='bbox 1142 371 1210 452; x_wconf 89' lang='lat' dir='ltr'>ipse</span> <span class='ocrx_word' id='word_1_13' title='bbox 1232 369 1310 434; x_wconf 87' lang='lat' dir='ltr'>hore</span> <span class='ocrx_word' id='word_1_14' title='bbox 1332 371 1392 434; x_wconf 87' lang='lat' dir='ltr'>eir·</span> <span class='ocrx_word' id='word_1_15' title='bbox 1460 345 1461 366; x_wconf 43' lang='lat'>¹</span> 
     </span>
     <span class='ocr_line' id='line_1_3' title="bbox 233 475 1392 559; baseline -0.002 -19"><span class='ocrx_word' id='word_1_16' title='bbox 233 475 313 540; x_wconf 84' lang='lat' dir='ltr'>eiter</span> <span class='ocrx_word' id='word_1_17' title='bbox 336 476 396 539; x_wconf 91' lang='lat' dir='ltr'>diei</span> <span class='ocrx_word' id='word_1_18' title='bbox 419 484 535 559; x_wconf 85' lang='lat' dir='ltr'>quarta</span> <span class='ocrx_word' id='word_1_19' title='bbox 556 496 626 542; x_wconf 88' lang='lat' dir='ltr'>eum</span> <span class='ocrx_word' id='word_1_20' title='bbox 651 477 759 559; x_wconf 91' lang='lat' dir='ltr'>primis</span> <span class='ocrx_word' id='word_1_21' title='bbox 783 477 916 540; x_wconf 85' lang='lat' dir='ltr'>navibus</span> <span class='ocrx_word' id='word_1_22' title='bbox 940 475 1136 540; x_wconf 78' lang='lat' dir='ltr'><strong>Britanniam</strong></span> <span class='ocrx_word' id='word_1_23' title='bbox 1160 475 1267 556; x_wconf 84' lang='lat' dir='ltr'>attigit</span> <span class='ocrx_word' id='word_1_24' title='bbox 1298 483 1392 555; x_wconf 86' lang='lat' dir='ltr'>atque</span> 
     </span>
     <span class='ocr_line' id='line_1_4' title="bbox 233 579 1448 663; baseline 0 -19"><span class='ocrx_word' id='word_1_25' title='bbox 233 579 277 644; x_wconf 90' lang='lat' dir='ltr'>ibi</span> <span class='ocrx_word' id='word_1_26' title='bbox 300 581 333 645; x_wconf 91' lang='lat' dir='ltr'>in</span> <span class='ocrx_word' id='word_1_27' title='bbox 356 583 500 648; x_wconf 89' lang='lat' dir='ltr'>omnibus</span> <span class='ocrx_word' id='word_1_28' title='bbox 523 582 656 650; x_wconf 85' lang='lat' dir='ltr'>nullibus</span> <span class='ocrx_word' id='word_1_29' title='bbox 679 582 840 663; x_wconf 85' lang='lat' dir='ltr'>expositas</span> <span class='ocrx_word' id='word_1_30' title='bbox 863 581 1001 646; x_wconf 87' lang='lat' dir='ltr'>bostium</span> <span class='ocrx_word' id='word_1_31' title='bbox 1026 583 1133 663; x_wconf 88' lang='lat' dir='ltr'>copias</span> <span class='ocrx_word' id='word_1_32' title='bbox 1157 589 1297 646; x_wconf 85' lang='lat' dir='ltr'>armatas</span> <span class='ocrx_word' id='word_1_33' title='bbox 1324 599 1393 644; x_wconf 87' lang='lat' dir='ltr'>oon·</span> <span class='ocrx_word' id='word_1_34' title='bbox 1444 632 1448 644; x_wconf 92' lang='lat'>.</span> 
     </span>
     <span class='ocr_line' id='line_1_5' title="bbox 115 685 1394 770; baseline 0 -22"><span class='ocrx_word' id='word_1_35' title='bbox 115 696 118 705; x_wconf 93' lang='grc'><strong>’</strong></span> <span class='ocrx_word' id='word_1_36' title='bbox 197 688 344 768; x_wconf 68' lang='lat' dir='ltr'>dspexit.</span> <span class='ocrx_word' id='word_1_37' title='bbox 391 685 489 752; x_wconf 77' lang='lat' dir='ltr'>Gauius</span> <span class='ocrx_word' id='word_1_38' title='bbox 518 688 577 753; x_wconf 88' lang='lat' dir='ltr'>luci</span> <span class='ocrx_word' id='word_1_39' title='bbox 605 688 683 753; x_wconf 86' lang='lat' dir='ltr'>haee</span> <span class='ocrx_word' id='word_1_40' title='bbox 709 695 780 753; x_wconf 88' lang='lat' dir='ltr'>erat</span> <span class='ocrx_word' id='word_1_41' title='bbox 810 695 934 767; x_wconf 83' lang='lat' dir='ltr'>natura,</span> <span class='ocrx_word' id='word_1_42' title='bbox 969 695 1063 770; x_wconf 90' lang='lat' dir='ltr'>atque</span> <span class='ocrx_word' id='word_1_43' title='bbox 1086 689 1133 752; x_wconf 88' lang='lat' dir='ltr'>itu</span> <span class='ocrx_word' id='word_1_44' title='bbox 1156 688 1316 752; x_wconf 89' lang='lat' dir='ltr'>montibus</span> <span class='ocrx_word' id='word_1_45' title='bbox 1340 703 1394 748; x_wconf 88' lang='lat' dir='ltr'>an·</span> 
     </span>
     <span class='ocr_line' id='line_1_6' title="bbox 234 789 1392 875; baseline -0.003 -19"><span class='ocrx_word' id='word_1_46' title='bbox 234 793 335 874; x_wconf 78' lang='lat' dir='ltr'>gustis</span> <span class='ocrx_word' id='word_1_47' title='bbox 358 811 445 858; x_wconf 83' lang='lat' dir='ltr'>mure</span> <span class='ocrx_word' id='word_1_48' title='bbox 460 795 689 873; x_wconf 80' lang='lat' dir='ltr'>continebatur,</span> <span class='ocrx_word' id='word_1_49' title='bbox 714 797 760 858; x_wconf 92' lang='lat' dir='ltr'>uti</span> <span class='ocrx_word' id='word_1_50' title='bbox 777 795 906 860; x_wconf 84' lang='lat' dir='ltr'>exloeis</span> <span class='ocrx_word' id='word_1_51' title='bbox 922 795 1137 875; x_wconf 89' lang='lat' dir='ltr'>superioribus</span> <span class='ocrx_word' id='word_1_52' title='bbox 1153 794 1185 857; x_wconf 94' lang='lat' dir='ltr'>in</span> <span class='ocrx_word' id='word_1_53' title='bbox 1200 791 1276 856; x_wconf 92' lang='lat' dir='ltr'>litus</span> <span class='ocrx_word' id='word_1_54' title='bbox 1296 789 1392 854; x_wconf 92' lang='lat' dir='ltr'>telum</span> 
     </span>
     <span class='ocr_line' id='line_1_7' title="bbox 197 895 1393 982; baseline 0.002 -26"><span class='ocrx_word' id='word_1_55' title='bbox 197 897 320 980; x_wconf 70' lang='lat' dir='ltr'>eudigi</span> <span class='ocrx_word' id='word_1_56' title='bbox 342 905 458 980; x_wconf 89' lang='lat' dir='ltr'>posset.</span> <span class='ocrx_word' id='word_1_57' title='bbox 495 897 586 963; x_wconf 87' lang='lat' dir='ltr'>Hune</span> <span class='ocrx_word' id='word_1_58' title='bbox 609 900 648 963; x_wconf 89' lang='lat' dir='ltr'>ad</span> <span class='ocrx_word' id='word_1_59' title='bbox 673 899 895 980; x_wconf 85' lang='lat' dir='ltr'>egrediendum</span> <span class='ocrx_word' id='word_1_60' title='bbox 913 917 1112 982; x_wconf 85' lang='lat' dir='ltr'>nequaquam</span> <span class='ocrx_word' id='word_1_61' title='bbox 1129 898 1276 963; x_wconf 89' lang='lat' dir='ltr'>idoneum</span> <span class='ocrx_word' id='word_1_62' title='bbox 1291 895 1393 962; x_wconf 83' lang='lat' dir='ltr'>locum</span> 
     </span>
     <span class='ocr_line' id='line_1_8' title="bbox 234 1003 1393 1087; baseline -0.003 -19"><span class='ocrx_word' id='word_1_63' title='bbox 234 1003 418 1080; x_wconf 86' lang='lat' dir='ltr'>arbitratus,</span> <span class='ocrx_word' id='word_1_64' title='bbox 443 1005 516 1069; x_wconf 91' lang='lat' dir='ltr'>dum</span> <span class='ocrx_word' id='word_1_65' title='bbox 536 1005 677 1087; x_wconf 83' lang='lat' dir='ltr'>reliquae</span> <span class='ocrx_word' id='word_1_66' title='bbox 691 1024 789 1070; x_wconf 87' lang='lat' dir='ltr'>naves</span> <span class='ocrx_word' id='word_1_67' title='bbox 805 1023 843 1070; x_wconf 88' lang='lat' dir='ltr'>eo</span> <span class='ocrx_word' id='word_1_68' title='bbox 859 1006 1071 1084; x_wconf 87' lang='lat' dir='ltr'>convenirent,</span> <span class='ocrx_word' id='word_1_69' title='bbox 1096 1005 1138 1070; x_wconf 85' lang='lat' dir='ltr'>ud</span> <span class='ocrx_word' id='word_1_70' title='bbox 1153 1003 1264 1070; x_wconf 85' lang='lat' dir='ltr'>horum</span> <span class='ocrx_word' id='word_1_71' title='bbox 1280 1019 1393 1068; x_wconf 87' lang='lat' dir='ltr'>nonam</span> 
     </span>
     <span class='ocr_line' id='line_1_9' title="bbox 197 1109 1394 1194; baseline -0.002 -21"><span class='ocrx_word' id='word_1_72' title='bbox 197 1110 264 1174; x_wconf 76' lang='lat' dir='ltr'>sin</span> <span class='ocrx_word' id='word_1_73' title='bbox 289 1111 413 1176; x_wconf 83' lang='lat' dir='ltr'>ancoris</span> <span class='ocrx_word' id='word_1_74' title='bbox 435 1112 638 1192; x_wconf 81' lang='lat' dir='ltr'>exspectavit.</span> <span class='ocrx_word' id='word_1_75' title='bbox 673 1110 804 1176; x_wconf 84' lang='lat' dir='ltr'>Interim</span> <span class='ocrx_word' id='word_1_76' title='bbox 826 1111 940 1194; x_wconf 83' lang='lat' dir='ltr'>legetis</span> <span class='ocrx_word' id='word_1_77' title='bbox 956 1109 1154 1192; x_wconf 85' lang='lat' dir='ltr'>tribunisque</span> <span class='ocrx_word' id='word_1_78' title='bbox 1169 1109 1304 1174; x_wconf 91' lang='lat' dir='ltr'>militum</span> <span class='ocrx_word' id='word_1_79' title='bbox 1322 1126 1394 1172; x_wconf 86' lang='lat' dir='ltr'>con-</span> 
     </span>
     <span class='ocr_line' id='line_1_10' title="bbox 234 1211 1393 1298; baseline -0.003 -20"><span class='ocrx_word' id='word_1_80' title='bbox 234 1215 364 1294; x_wconf 78' lang='lat' dir='ltr'>vocatio,</span> <span class='ocrx_word' id='word_1_81' title='bbox 395 1221 430 1281; x_wconf 85' lang='lat' dir='ltr'>et</span> <span class='ocrx_word' id='word_1_82' title='bbox 457 1235 538 1298; x_wconf 88' lang='lat' dir='ltr'>quae</span> <span class='ocrx_word' id='word_1_83' title='bbox 569 1236 607 1282; x_wconf 83' lang='lat' dir='ltr'>ex</span> <span class='ocrx_word' id='word_1_84' title='bbox 629 1215 789 1282; x_wconf 86' lang='lat' dir='ltr'>Voluseno</span> <span class='ocrx_word' id='word_1_85' title='bbox 821 1224 998 1298; x_wconf 80' lang='lat' dir='ltr'>cognosset,</span> <span class='ocrx_word' id='word_1_86' title='bbox 1023 1221 1056 1280; x_wconf 90' lang='lat' dir='ltr'>et</span> <span class='ocrx_word' id='word_1_87' title='bbox 1086 1233 1166 1297; x_wconf 86' lang='lat' dir='ltr'>quae</span> <span class='ocrx_word' id='word_1_88' title='bbox 1196 1211 1265 1278; x_wconf 90' lang='lat' dir='ltr'>lieri</span> <span class='ocrx_word' id='word_1_89' title='bbox 1289 1211 1393 1290; x_wconf 90' lang='lat' dir='ltr'>vellet,</span> 
     </span>
     <span class='ocr_line' id='line_1_11' title="bbox 234 1319 1393 1402; baseline -0.003 -17"><span class='ocrx_word' id='word_1_90' title='bbox 234 1321 373 1385; x_wconf 81' lang='lat' dir='ltr'>ostendit</span> <span class='ocrx_word' id='word_1_91' title='bbox 392 1322 585 1402; x_wconf 87' lang='lat' dir='ltr'>monuitque,</span> <span class='ocrx_word' id='word_1_92' title='bbox 610 1330 647 1386; x_wconf 94' lang='lat' dir='ltr'>ut</span> <span class='ocrx_word' id='word_1_93' title='bbox 661 1322 709 1387; x_wconf 89' lang='lat' dir='ltr'>rei</span> <span class='ocrx_word' id='word_1_94' title='bbox 724 1322 872 1387; x_wconf 86' lang='lat' dir='ltr'>militaris</span> <span class='ocrx_word' id='word_1_95' title='bbox 888 1322 980 1400; x_wconf 86' lang='lat' dir='ltr'>ratio,</span> <span class='ocrx_word' id='word_1_96' title='bbox 1004 1319 1138 1386; x_wconf 78' lang='lat' dir='ltr'>maxime</span> <span class='ocrx_word' id='word_1_97' title='bbox 1154 1327 1190 1384; x_wconf 88' lang='lat' dir='ltr'>ut</span> <span class='ocrx_word' id='word_1_98' title='bbox 1206 1319 1393 1383; x_wconf 82' lang='lat' dir='ltr'>maritumae</span> 
     </span>
     <span class='ocr_line' id='line_1_12' title="bbox 234 1421 1394 1510; baseline -0.002 -20"><span class='ocrx_word' id='word_1_99' title='bbox 234 1443 285 1490; x_wconf 89' lang='lat' dir='ltr'>res</span> <span class='ocrx_word' id='word_1_100' title='bbox 314 1427 523 1507; x_wconf 82' lang='lat' dir='ltr'>postularent,</span> <span class='ocrx_word' id='word_1_101' title='bbox 555 1433 592 1493; x_wconf 92' lang='lat' dir='ltr'>ut</span> <span class='ocrx_word' id='word_1_102' title='bbox 614 1447 694 1510; x_wconf 84' lang='lat' dir='ltr'>quae</span> <span class='ocrx_word' id='word_1_103' title='bbox 717 1427 850 1493; x_wconf 88' lang='lat' dir='ltr'>celerem</span> <span class='ocrx_word' id='word_1_104' title='bbox 876 1436 972 1509; x_wconf 84' lang='lat' dir='ltr'>atque</span> <span class='ocrx_word' id='word_1_105' title='bbox 994 1426 1172 1492; x_wconf 85' lang='lat' dir='ltr'>instabilem</span> <span class='ocrx_word' id='word_1_106' title='bbox 1197 1431 1317 1490; x_wconf 93' lang='lat' dir='ltr'>motum</span> <span class='ocrx_word' id='word_1_107' title='bbox 1340 1421 1394 1488; x_wconf 89' lang='lat' dir='ltr'>ba-</span> 
     </span>
     <span class='ocr_line' id='line_1_13' title="bbox 234 1531 1393 1616; baseline -0.002 -21"><span class='ocrx_word' id='word_1_108' title='bbox 234 1532 354 1610; x_wconf 89' lang='lat' dir='ltr'>berent,</span> <span class='ocrx_word' id='word_1_109' title='bbox 385 1533 425 1597; x_wconf 86' lang='lat' dir='ltr'>ad</span> <span class='ocrx_word' id='word_1_110' title='bbox 453 1541 564 1598; x_wconf 88' lang='lat' dir='ltr'>nutum</span> <span class='ocrx_word' id='word_1_111' title='bbox 591 1539 624 1598; x_wconf 90' lang='lat' dir='ltr'>et</span> <span class='ocrx_word' id='word_1_112' title='bbox 652 1533 693 1598; x_wconf 88' lang='lat' dir='ltr'>ud</span> <span class='ocrx_word' id='word_1_113' title='bbox 717 1539 841 1616; x_wconf 86' lang='lat' dir='ltr'>tempus</span> <span class='ocrx_word' id='word_1_114' title='bbox 864 1550 972 1598; x_wconf 91' lang='lat' dir='ltr'>omnes</span> <span class='ocrx_word' id='word_1_115' title='bbox 995 1547 1046 1597; x_wconf 82' lang='lat' dir='ltr'>res</span> <span class='ocrx_word' id='word_1_116' title='bbox 1069 1533 1109 1597; x_wconf 80' lang='lat' dir='ltr'>ab</span> <span class='ocrx_word' id='word_1_117' title='bbox 1131 1533 1170 1598; x_wconf 89' lang='lat' dir='ltr'>iis</span> <span class='ocrx_word' id='word_1_118' title='bbox 1194 1531 1393 1597; x_wconf 84' lang='lat' dir='ltr'>administra·</span> 
     </span>
     <span class='ocr_line' id='line_1_14' title="bbox 196 1637 1393 1720; baseline -0.003 -20"><span class='ocrx_word' id='word_1_119' title='bbox 196 1643 215 1694; x_wconf 87' lang='lat'><strong>6</strong></span> <span class='ocrx_word' id='word_1_120' title='bbox 234 1645 353 1704; x_wconf 87' lang='lat' dir='ltr'>rentur.</span> <span class='ocrx_word' id='word_1_121' title='bbox 386 1637 445 1702; x_wconf 92' lang='lat' dir='ltr'>His</span> <span class='ocrx_word' id='word_1_122' title='bbox 469 1639 605 1703; x_wconf 89' lang='lat' dir='ltr'>dimissis</span> <span class='ocrx_word' id='word_1_123' title='bbox 628 1646 807 1705; x_wconf 78' lang='lat' dir='ltr'>otrentum</span> <span class='ocrx_word' id='word_1_124' title='bbox 830 1645 863 1705; x_wconf 92' lang='lat' dir='ltr'>et</span> <span class='ocrx_word' id='word_1_125' title='bbox 887 1644 1008 1704; x_wconf 85' lang='lat' dir='ltr'>aestum</span> <span class='ocrx_word' id='word_1_126' title='bbox 1034 1656 1096 1703; x_wconf 90' lang='lat' dir='ltr'>uno</span> <span class='ocrx_word' id='word_1_127' title='bbox 1119 1644 1261 1720; x_wconf 90' lang='lat' dir='ltr'>tempore</span> <span class='ocrx_word' id='word_1_128' title='bbox 1284 1641 1393 1700; x_wconf 86' lang='lat' dir='ltr'>nactus</span> 
     </span>
     <span class='ocr_line' id='line_1_15' title="bbox 233 1743 1391 1825; baseline -0.003 -19"><span class='ocrx_word' id='word_1_129' title='bbox 233 1743 413 1821; x_wconf 87' lang='lat' dir='ltr'>seeundum,</span> <span class='ocrx_word' id='word_1_130' title='bbox 439 1745 514 1809; x_wconf 87' lang='lat' dir='ltr'>dato</span> <span class='ocrx_word' id='word_1_131' title='bbox 538 1745 627 1825; x_wconf 86' lang='lat' dir='ltr'>siguo</span> <span class='ocrx_word' id='word_1_132' title='bbox 650 1750 684 1809; x_wconf 91' lang='lat' dir='ltr'>et</span> <span class='ocrx_word' id='word_1_133' title='bbox 706 1743 841 1810; x_wconf 84' lang='lat' dir='ltr'>sublatis</span> <span class='ocrx_word' id='word_1_134' title='bbox 865 1745 987 1810; x_wconf 84' lang='lat' dir='ltr'>ancoris</span> <span class='ocrx_word' id='word_1_135' title='bbox 1002 1745 1129 1809; x_wconf 80' lang='lat' dir='ltr'>circiter</span> <span class='ocrx_word' id='word_1_136' title='bbox 1143 1743 1229 1807; x_wconf 88' lang='lat' dir='ltr'>milia</span> <span class='ocrx_word' id='word_1_137' title='bbox 1245 1757 1391 1824; x_wconf 85' lang='lat' dir='ltr'>passuum</span> 
     </span>
     <span class='ocr_line' id='line_1_16' title="bbox 234 1841 1392 1934; baseline -0.005 -21"><span class='ocrx_word' id='word_1_138' title='bbox 234 1856 355 1930; x_wconf 85' lang='lat' dir='ltr'>septem</span> <span class='ocrx_word' id='word_1_139' title='bbox 385 1849 427 1914; x_wconf 87' lang='lat' dir='ltr'>ub</span> <span class='ocrx_word' id='word_1_140' title='bbox 458 1867 495 1915; x_wconf 90' lang='lat' dir='ltr'>eo</span> <span class='ocrx_word' id='word_1_141' title='bbox 522 1850 591 1916; x_wconf 84' lang='lat' dir='ltr'>loco</span> <span class='ocrx_word' id='word_1_142' title='bbox 621 1868 820 1934; x_wconf 85' lang='lat' dir='ltr'>progressus,</span> <span class='ocrx_word' id='word_1_143' title='bbox 855 1859 967 1932; x_wconf 78' lang='lat' dir='ltr'>operto</span> <span class='ocrx_word' id='word_1_144' title='bbox 996 1867 1034 1916; x_wconf 85' lang='lat' dir='ltr'>uc</span> <span class='ocrx_word' id='word_1_145' title='bbox 1064 1841 1159 1932; x_wconf 84' lang='lat' dir='ltr'>plano</span> <span class='ocrx_word' id='word_1_146' title='bbox 1182 1848 1277 1913; x_wconf 89' lang='lat' dir='ltr'>litore</span> <span class='ocrx_word' id='word_1_147' title='bbox 1299 1863 1392 1912; x_wconf 87' lang='lat' dir='ltr'>naves</span> 
     </span>
    </p>

    <p class='ocr_par' dir='ltr' id='par_1_3' title="bbox 154 1956 1391 2358">
     <span class='ocr_line' id='line_1_17' title="bbox 154 1956 1095 2050; baseline 0.005 -31"><span class='ocrx_word' id='word_1_148' title='bbox 154 2037 167 2050; x_wconf 27' lang='grc' dir='ltr'><strong>ἱ</strong></span> <span class='ocrx_word' id='word_1_149' title='bbox 232 1956 406 2021; x_wconf 81' lang='lat' dir='ltr'>constituit.</span> <span class='ocrx_word' id='word_1_150' title='bbox 1093 2021 1095 2024; x_wconf 83' lang='lat'>.</span> 
     </span>
     <span class='ocr_line' id='line_1_18' title="bbox 201 2057 1391 2142; baseline -0.004 -17"><span class='ocrx_word' id='word_1_151' title='bbox 201 2067 213 2116; x_wconf 92' lang='lat' dir='ltr'>l</span> <span class='ocrx_word' id='word_1_152' title='bbox 324 2065 374 2124; x_wconf 83' lang='lat'>24.</span> <span class='ocrx_word' id='word_1_153' title='bbox 407 2061 450 2126; x_wconf 84' lang='lat' dir='ltr'>At</span> <span class='ocrx_word' id='word_1_154' title='bbox 478 2061 617 2142; x_wconf 86' lang='lat' dir='ltr'>barbari,</span> <span class='ocrx_word' id='word_1_155' title='bbox 651 2063 780 2129; x_wconf 81' lang='lat' dir='ltr'>consiliu</span> <span class='ocrx_word' id='word_1_156' title='bbox 810 2063 1023 2128; x_wconf 81' lang='lat' dir='ltr'>Romanorum</span> <span class='ocrx_word' id='word_1_157' title='bbox 1054 2061 1188 2141; x_wconf 82' lang='lat' dir='ltr'>cognito,</span> <span class='ocrx_word' id='word_1_158' title='bbox 1222 2057 1391 2140; x_wconf 86' lang='lat' dir='ltr'>praemisso</span> 
     </span>
     <span class='ocr_line' id='line_1_19' title="bbox 233 2160 1390 2251; baseline -0.006 -21"><span class='ocrx_word' id='word_1_159' title='bbox 233 2168 378 2248; x_wconf 86' lang='lat' dir='ltr'>equitatu</span> <span class='ocrx_word' id='word_1_160' title='bbox 405 2174 440 2232; x_wconf 89' lang='lat' dir='ltr'>et</span> <span class='ocrx_word' id='word_1_161' title='bbox 469 2169 646 2249; x_wconf 87' lang='lat' dir='ltr'>essedariis,</span> <span class='ocrx_word' id='word_1_162' title='bbox 678 2187 741 2250; x_wconf 90' lang='lat' dir='ltr'>quo</span> <span class='ocrx_word' id='word_1_163' title='bbox 773 2168 957 2251; x_wconf 89' lang='lat' dir='ltr'>plerumque</span> <span class='ocrx_word' id='word_1_164' title='bbox 985 2184 1102 2250; x_wconf 84' lang='lat' dir='ltr'>genere</span> <span class='ocrx_word' id='word_1_165' title='bbox 1130 2167 1162 2230; x_wconf 93' lang='lat' dir='ltr'>in</span> <span class='ocrx_word' id='word_1_166' title='bbox 1190 2163 1320 2246; x_wconf 91' lang='lat' dir='ltr'>proeliis</span> <span class='ocrx_word' id='word_1_167' title='bbox 1347 2160 1390 2224; x_wconf 92' lang='lat' dir='ltr'>uti</span> 
     </span>
     <span class='ocr_line' id='line_1_20' title="bbox 234 2263 1387 2358; baseline -0.01 -21"><span class='ocrx_word' id='word_1_168' title='bbox 234 2279 439 2353; x_wconf 80' lang='lat' dir='ltr'>consuerunt,</span> <span class='ocrx_word' id='word_1_169' title='bbox 475 2273 603 2357; x_wconf 85' lang='lat' dir='ltr'>reliquis</span> <span class='ocrx_word' id='word_1_170' title='bbox 635 2275 733 2358; x_wconf 88' lang='lat' dir='ltr'>copiis</span> <span class='ocrx_word' id='word_1_171' title='bbox 764 2275 929 2342; x_wconf 86' lang='lat' dir='ltr'>subsecuti</span> <span class='ocrx_word' id='word_1_172' title='bbox 964 2281 1086 2338; x_wconf 87' lang='lat' dir='ltr'>nostros</span> <span class='ocrx_word' id='word_1_173' title='bbox 1120 2271 1254 2336; x_wconf 89' lang='lat' dir='ltr'>navibus</span> <span class='ocrx_word' id='word_1_174' title='bbox 1287 2263 1387 2350; x_wconf 81' lang='lat' dir='ltr'>egredi</span> 
     </span>
    </p>
   </div>
   <div class='ocr_carea' id='block_1_3' title="bbox 181 2392 498 2401">
    <p class='ocr_par' dir='ltr' id='par_1_4' title="bbox 181 2392 498 2401">
     <span class='ocr_line' id='line_1_21' title="bbox 181 2392 498 2401; baseline 0.006 -2"><span class='ocrx_word' id='word_1_175' title='bbox 181 2392 498 2401; x_wconf 64' lang='lat'>——-—---—‹-0-—--—.--0—</span> 
     </span>
    </p>
   </div>
   <div class='ocr_carea' id='block_1_4' title="bbox 178 2423 1397 4259">
    <p class='ocr_par' dir='ltr' id='par_1_5' title="bbox 178 2423 1397 4259">
     <span class='ocr_line' id='line_1_22' title="bbox 184 2423 1388 2503; baseline -0.006 -19"><span class='ocrx_word' id='word_1_176' title='bbox 184 2434 225 2485; x_wconf 77' lang='lat'>12,</span> <span class='ocrx_word' id='word_1_177' title='bbox 244 2434 269 2484; x_wconf 83' lang='lat'>2.</span> <span class='ocrx_word' id='word_1_178' title='bbox 287 2460 322 2470; x_wconf 95' lang='lat'><em>-</em></span> <span class='ocrx_word' id='word_1_179' title='bbox 345 2431 426 2485; x_wconf 79' lang='lat' dir='ltr'>uoluit</span> <span class='ocrx_word' id='word_1_180' title='bbox 445 2431 573 2501; x_wconf 84' lang='lat' dir='ltr'>,liebtete</span> <span class='ocrx_word' id='word_1_181' title='bbox 592 2433 637 2487; x_wconf 92' lang='lat' dir='ltr'>die</span> <span class='ocrx_word' id='word_1_182' title='bbox 657 2434 761 2503; x_wconf 81' lang='lat' dir='ltr'>Anker,</span> <span class='ocrx_word' id='word_1_183' title='bbox 850 2436 875 2491; x_wconf 84' lang='lat'>4.</span> <span class='ocrx_word' id='word_1_184' title='bbox 911 2432 949 2487; x_wconf 81' lang='lat' dir='ltr'>od</span> <span class='ocrx_word' id='word_1_185' title='bbox 975 2433 1070 2485; x_wconf 82' lang='lat' dir='ltr'>boram</span> <span class='ocrx_word' id='word_1_186' title='bbox 1095 2445 1212 2496; x_wconf 69' lang='lat' dir='ltr'>norsum,</span> <span class='ocrx_word' id='word_1_187' title='bbox 1251 2436 1323 2483; x_wconf 81' lang='lat' dir='ltr'>etwu</span> <span class='ocrx_word' id='word_1_188' title='bbox 1353 2423 1388 2477; x_wconf 86' lang='lat' dir='ltr'>bis</span> 
     </span>
     <span class='ocr_line' id='line_1_23' title="bbox 178 2510 1390 2590; baseline -0.007 -15"><span class='ocrx_word' id='word_1_189' title='bbox 178 2519 287 2587; x_wconf 78' lang='lat' dir='ltr'>segelte</span> <span class='ocrx_word' id='word_1_190' title='bbox 310 2519 372 2587; x_wconf 75' lang='lat' dir='ltr'>sb“,</span> <span class='ocrx_word' id='word_1_191' title='bbox 399 2519 486 2574; x_wconf 73' lang='lat' dir='ltr'>wolde</span> <span class='ocrx_word' id='word_1_192' title='bbox 510 2520 539 2575; x_wconf 82' lang='lat' dir='ltr'>O.</span> <span class='ocrx_word' id='word_1_193' title='bbox 561 2520 685 2590; x_wconf 69' lang='lat' dir='ltr'>bbuliper</span> <span class='ocrx_word' id='word_1_194' title='bbox 711 2522 761 2577; x_wconf 87' lang='lat' dir='ltr'>das</span> <span class='ocrx_word' id='word_1_195' title='bbox 816 2526 832 2577; x_wconf 82' lang='lat'><strong>3</strong></span> <span class='ocrx_word' id='word_1_196' title='bbox 858 2520 917 2575; x_wconf 90' lang='lat' dir='ltr'>Ubr</span> <span class='ocrx_word' id='word_1_197' title='bbox 939 2520 1132 2586; x_wconf 76' lang='lat' dir='ltr'>nuehmittegs.</span> <span class='ocrx_word' id='word_1_198' title='bbox 1161 2546 1192 2559; x_wconf 89' lang='lat'>-</span> <span class='ocrx_word' id='word_1_199' title='bbox 1221 2516 1254 2569; x_wconf 79' lang='lat' dir='ltr'>iu</span> <span class='ocrx_word' id='word_1_200' title='bbox 1278 2510 1390 2576; x_wconf 71' lang='lat' dir='ltr'>ancoris,</span> 
     </span>
     <span class='ocr_line' id='line_1_24' title="bbox 181 2601 1391 2677; baseline -0.002 -17"><span class='ocrx_word' id='word_1_201' title='bbox 181 2608 364 2675; x_wconf 74' lang='lat' dir='ltr'>voltutundtgo</span> <span class='ocrx_word' id='word_1_202' title='bbox 386 2623 470 2663; x_wconf 77' lang='lat' dir='ltr'>nuvae</span> <span class='ocrx_word' id='word_1_203' title='bbox 494 2609 600 2665; x_wconf 82' lang='lat' dir='ltr'>solvere</span> <span class='ocrx_word' id='word_1_204' title='bbox 621 2620 702 2665; x_wconf 76' lang='lat' dir='ltr'>uetat.</span> <span class='ocrx_word' id='word_1_205' title='bbox 723 2610 762 2666; x_wconf 81' lang='lat' dir='ltr'>ef.</span> <span class='ocrx_word' id='word_1_206' title='bbox 817 2624 882 2677; x_wconf 84' lang='lat' dir='ltr'>„vor</span> <span class='ocrx_word' id='word_1_207' title='bbox 902 2608 1020 2666; x_wconf 79' lang='lat' dir='ltr'>Aulrer⁴‘.</span> <span class='ocrx_word' id='word_1_208' title='bbox 1049 2607 1084 2665; x_wconf 82' lang='lat' dir='ltr'>of.</span> <span class='ocrx_word' id='word_1_209' title='bbox 1108 2607 1134 2661; x_wconf 89' lang='lat' dir='ltr'>b.</span> <span class='ocrx_word' id='word_1_210' title='bbox 1159 2620 1182 2661; x_wconf 89' lang='lat' dir='ltr'>e.</span> <span class='ocrx_word' id='word_1_211' title='bbox 1202 2606 1251 2659; x_wconf 90' lang='lat'><em>111.</em></span> <span class='ocrx_word' id='word_1_212' title='bbox 1271 2608 1314 2659; x_wconf 86' lang='grc'>28.</span> <span class='ocrx_word' id='word_1_213' title='bbox 1335 2607 1347 2656; x_wconf 95' lang='lat' dir='ltr'>l</span> <span class='ocrx_word' id='word_1_214' title='bbox 1366 2601 1391 2653; x_wconf 84' lang='lat' dir='ltr'>in</span> 
     </span>
     <span class='ocr_line' id='line_1_25' title="bbox 180 2697 1137 2767; baseline -0.001 -16"><span class='ocrx_word' id='word_1_215' title='bbox 180 2712 205 2751; x_wconf 83' lang='lat' dir='ltr'>o.</span> <span class='ocrx_word' id='word_1_216' title='bbox 225 2699 268 2751; x_wconf 81' lang='grc'>36.</span> <span class='ocrx_word' id='word_1_217' title='bbox 286 2700 304 2751; x_wconf 81' lang='lat'><strong>3</strong></span> <span class='ocrx_word' id='word_1_218' title='bbox 322 2712 349 2752; x_wconf 91' lang='grc' dir='ltr'><strong>ιι.</strong></span> <span class='ocrx_word' id='word_1_219' title='bbox 367 2701 392 2751; x_wconf 86' lang='lat' dir='ltr'>d.</span> <span class='ocrx_word' id='word_1_220' title='bbox 424 2697 568 2751; x_wconf 67' lang='lat' dir='ltr'>Bioneilen</span> <span class='ocrx_word' id='word_1_221' title='bbox 586 2700 662 2753; x_wconf 81' lang='lat' dir='ltr'>steht</span> <span class='ocrx_word' id='word_1_222' title='bbox 679 2714 762 2767; x_wconf 75' lang='lat' dir='ltr'>sogor</span> <span class='ocrx_word' id='word_1_223' title='bbox 816 2699 925 2753; x_wconf 85' lang='lat' dir='ltr'>ancoris</span> <span class='ocrx_word' id='word_1_224' title='bbox 942 2697 1137 2751; x_wconf 86' lang='lat' dir='ltr'>constiterunt.</span> 
     </span>
     <span class='ocr_line' id='line_1_26' title="bbox 181 2782 1391 2853; baseline -0.004 -14"><span class='ocrx_word' id='word_1_225' title='bbox 181 2784 589 2853; x_wconf 80' lang='lat' dir='ltr'>uuresulsSubj.beiuolvere.</span> <span class='ocrx_word' id='word_1_226' title='bbox 607 2786 726 2842; x_wconf 54' lang='lat' dir='ltr'>elem</span> <span class='ocrx_word' id='word_1_227' title='bbox 739 2792 761 2841; x_wconf 91' lang='lat'>1.</span> <span class='ocrx_word' id='word_1_228' title='bbox 853 2792 877 2840; x_wconf 80' lang='lat' dir='ltr'>b.</span> <span class='ocrx_word' id='word_1_229' title='bbox 901 2791 933 2839; x_wconf 81' lang='lat' dir='ltr'>at</span> <span class='ocrx_word' id='word_1_230' title='bbox 959 2786 1051 2853; x_wconf 78' lang='lat' dir='ltr'>,wie“,</span> <span class='ocrx_word' id='word_1_231' title='bbox 1078 2784 1154 2837; x_wconf 82' lang='lat' dir='ltr'>nieht</span> <span class='ocrx_word' id='word_1_232' title='bbox 1179 2782 1320 2849; x_wconf 77' lang='lat' dir='ltr'>ubbbngig</span> <span class='ocrx_word' id='word_1_233' title='bbox 1342 2790 1391 2829; x_wconf 77' lang='lat' dir='ltr'>von</span> 
     </span>
     <span class='ocr_line' id='line_1_27' title="bbox 217 2864 1391 2943; baseline -0.007 -16"><span class='ocrx_word' id='word_1_234' title='bbox 217 2876 242 2927; x_wconf 82' lang='lat'>2.</span> <span class='ocrx_word' id='word_1_235' title='bbox 261 2872 763 2943; x_wconf 77' lang='lat' dir='ltr'>cum,adversativ.-puuloturdius.</span> <span class='ocrx_word' id='word_1_236' title='bbox 816 2876 928 2937; x_wconf 85' lang='lat' dir='ltr'>monuit,</span> <span class='ocrx_word' id='word_1_237' title='bbox 941 2873 1055 2928; x_wconf 81' lang='lat' dir='ltr'>uonaeh</span> <span class='ocrx_word' id='word_1_238' title='bbox 1074 2872 1124 2925; x_wconf 90' lang='lat' dir='ltr'>der</span> <span class='ocrx_word' id='word_1_239' title='bbox 1141 2870 1231 2925; x_wconf 85' lang='lat' dir='ltr'>blolse</span> <span class='ocrx_word' id='word_1_240' title='bbox 1243 2864 1391 2937; x_wconf 79' lang='lat' dir='ltr'>Konjuukt</span> 
     </span>
     <span class='ocr_line' id='line_1_28' title="bbox 180 2954 1391 3030; baseline -0.004 -15"><span class='ocrx_word' id='word_1_241' title='bbox 180 2961 246 3015; x_wconf 88' lang='lat' dir='ltr'>Ibre</span> <span class='ocrx_word' id='word_1_242' title='bbox 267 2960 459 3030; x_wconf 77' lang='lat' dir='ltr'>Einsebillung</span> <span class='ocrx_word' id='word_1_243' title='bbox 476 2964 557 3017; x_wconf 84' lang='lat' dir='ltr'>nubm</span> <span class='ocrx_word' id='word_1_244' title='bbox 576 2979 611 3016; x_wconf 84' lang='lat' dir='ltr'>zu</span> <span class='ocrx_word' id='word_1_245' title='bbox 629 2963 683 3018; x_wconf 82' lang='lat' dir='ltr'>viel</span> <span class='ocrx_word' id='word_1_246' title='bbox 699 2962 763 3018; x_wconf 83' lang='lat' dir='ltr'>Zeit</span> <span class='ocrx_word' id='word_1_247' title='bbox 815 2962 1073 3017; x_wconf 73' lang='lat' dir='ltr'>administrarentur</span> <span class='ocrx_word' id='word_1_248' title='bbox 1087 2961 1170 3015; x_wconf 82' lang='lat' dir='ltr'>stebt.</span> <span class='ocrx_word' id='word_1_249' title='bbox 1190 2959 1272 3013; x_wconf 76' lang='lat' dir='ltr'>eizu</span> <span class='ocrx_word' id='word_1_250' title='bbox 1286 2954 1391 3015; x_wconf 80' lang='grc' dir='ltr'><strong>ι.21.8</strong></span> 
     </span>
     <span class='ocr_line' id='line_1_29' title="bbox 180 3045 1391 3119; baseline -0.006 -16"><span class='ocrx_word' id='word_1_251' title='bbox 180 3049 210 3103; x_wconf 86' lang='lat' dir='ltr'>in</span> <span class='ocrx_word' id='word_1_252' title='bbox 235 3049 390 3118; x_wconf 81' lang='lat' dir='ltr'>Ansprueb,</span> <span class='ocrx_word' id='word_1_253' title='bbox 417 3066 450 3105; x_wconf 85' lang='grc' dir='ltr'><strong>ιο</strong></span> <span class='ocrx_word' id='word_1_254' title='bbox 474 3049 535 3104; x_wconf 81' lang='lat' dir='ltr'>dale</span> <span class='ocrx_word' id='word_1_255' title='bbox 559 3049 609 3103; x_wconf 89' lang='lat' dir='ltr'>der</span> <span class='ocrx_word' id='word_1_256' title='bbox 635 3053 762 3119; x_wconf 73' lang='lat' dir='ltr'>gdnrmge</span> <span class='ocrx_word' id='word_1_257' title='bbox 815 3050 933 3118; x_wconf 76' lang='lat' dir='ltr'>imperet</span> <span class='ocrx_word' id='word_1_258' title='bbox 1044 3048 1133 3103; x_wconf 79' lang='lat' dir='ltr'>adeat.</span> <span class='ocrx_word' id='word_1_259' title='bbox 1163 3076 1198 3087; x_wconf 87' lang='lat'>-</span> <span class='ocrx_word' id='word_1_260' title='bbox 1234 3045 1391 3101; x_wconf 68' lang='lat' dir='ltr'>mamonae</span> 
     </span>
     <span class='ocr_line' id='line_1_30' title="bbox 182 3134 1391 3206; baseline -0.002 -16"><span class='ocrx_word' id='word_1_261' title='bbox 182 3136 267 3191; x_wconf 81' lang='lat' dir='ltr'>wind</span> <span class='ocrx_word' id='word_1_262' title='bbox 294 3138 446 3193; x_wconf 76' lang='lat' dir='ltr'>unbenetzt</span> <span class='ocrx_word' id='word_1_263' title='bbox 473 3138 616 3192; x_wconf 74' lang='lat' dir='ltr'>verstrieh.</span> <span class='ocrx_word' id='word_1_264' title='bbox 647 3166 679 3179; x_wconf 85' lang='lat'><em>-</em></span> <span class='ocrx_word' id='word_1_265' title='bbox 710 3140 762 3193; x_wconf 67' lang='lat' dir='ltr'>ud</span> <span class='ocrx_word' id='word_1_266' title='bbox 814 3134 1391 3206; x_wconf 73' lang='lat' dir='ltr'>ree„derSeekrieg“.—utpuoe=uuippe</span> 
     </span>
     <span class='ocr_line' id='line_1_31' title="bbox 180 3222 1391 3299; baseline -0.003 -22"><span class='ocrx_word' id='word_1_267' title='bbox 180 3224 375 3291; x_wconf 79' lang='lat' dir='ltr'>ministratum,</span> <span class='ocrx_word' id='word_1_268' title='bbox 388 3224 496 3281; x_wconf 70' lang='lat' dir='ltr'>absolut</span> <span class='ocrx_word' id='word_1_269' title='bbox 507 3234 618 3293; x_wconf 77' lang='lat' dir='ltr'>gesetzt</span> <span class='ocrx_word' id='word_1_270' title='bbox 636 3226 672 3281; x_wconf 82' lang='lat' dir='ltr'>ef.</span> <span class='ocrx_word' id='word_1_271' title='bbox 684 3241 708 3282; x_wconf 85' lang='lat' dir='ltr'>e.</span> <span class='ocrx_word' id='word_1_272' title='bbox 718 3226 761 3285; x_wconf 75' lang='lat'>29.</span> <span class='ocrx_word' id='word_1_273' title='bbox 813 3222 899 3299; x_wconf 56' lang='lat' dir='ltr'>quau*</span> <span class='ocrx_word' id='word_1_274' title='bbox 908 3254 943 3269; x_wconf 81' lang='lat'><em>-</em></span> <span class='ocrx_word' id='word_1_275' title='bbox 953 3226 1113 3292; x_wconf 73' lang='lat' dir='ltr'>instabilem,</span> <span class='ocrx_word' id='word_1_276' title='bbox 1126 3230 1220 3279; x_wconf 76' lang='lat' dir='ltr'>unrttt</span> <span class='ocrx_word' id='word_1_277' title='bbox 1232 3223 1288 3277; x_wconf 88' lang='lat' dir='ltr'>und</span> <span class='ocrx_word' id='word_1_278' title='bbox 1301 3222 1391 3277; x_wconf 83' lang='lat' dir='ltr'>duram</span> 
     </span>
     <span class='ocr_line' id='line_1_32' title="bbox 181 3310 1390 3382; baseline -0.005 -15"><span class='ocrx_word' id='word_1_279' title='bbox 181 3317 208 3368; x_wconf 84' lang='grc'>2.</span> <span class='ocrx_word' id='word_1_280' title='bbox 233 3329 255 3366; x_wconf 85' lang='lat' dir='ltr'>e.</span> <span class='ocrx_word' id='word_1_281' title='bbox 280 3317 371 3368; x_wconf 69' lang='lat' dir='ltr'>did„</span> <span class='ocrx_word' id='word_1_282' title='bbox 409 3342 442 3353; x_wconf 86' lang='lat'>-</span> <span class='ocrx_word' id='word_1_283' title='bbox 477 3314 548 3367; x_wconf 79' lang='lat' dir='ltr'>bora</span> <span class='ocrx_word' id='word_1_284' title='bbox 573 3314 630 3369; x_wconf 68' lang='lat' dir='ltr'>diei</span> <span class='ocrx_word' id='word_1_285' title='bbox 651 3316 763 3370; x_wconf 70' lang='lat' dir='ltr'>circiter</span> <span class='ocrx_word' id='word_1_286' title='bbox 814 3315 980 3372; x_wconf 61' lang='lat' dir='ltr'>meubselnd.</span> <span class='ocrx_word' id='word_1_287' title='bbox 999 3341 1032 3355; x_wconf 89' lang='lat'>-</span> <span class='ocrx_word' id='word_1_288' title='bbox 1051 3314 1089 3367; x_wconf 82' lang='lat' dir='ltr'>ad</span> <span class='ocrx_word' id='word_1_289' title='bbox 1105 3318 1209 3382; x_wconf 77' lang='lat' dir='ltr'>tempus</span> <span class='ocrx_word' id='word_1_290' title='bbox 1220 3328 1270 3367; x_wconf 79' lang='lat' dir='ltr'>nur</span> <span class='ocrx_word' id='word_1_291' title='bbox 1281 3310 1390 3366; x_wconf 81' lang='lat' dir='ltr'>reehteu</span> 
     </span>
     <span class='ocr_line' id='line_1_33' title="bbox 179 3400 1095 3473; baseline 0.004 -20"><span class='ocrx_word' id='word_1_292' title='bbox 179 3405 292 3469; x_wconf 57' lang='lat' dir='ltr'>quarte</span> <span class='ocrx_word' id='word_1_293' title='bbox 316 3416 403 3468; x_wconf 73' lang='lat' dir='ltr'>gegen</span> <span class='ocrx_word' id='word_1_294' title='bbox 423 3404 457 3455; x_wconf 89' lang='lat'>10</span> <span class='ocrx_word' id='word_1_295' title='bbox 476 3400 536 3456; x_wconf 85' lang='lat' dir='ltr'>Ubr</span> <span class='ocrx_word' id='word_1_296' title='bbox 552 3402 625 3457; x_wconf 84' lang='lat' dir='ltr'>frtrb.</span> <span class='ocrx_word' id='word_1_297' title='bbox 653 3430 688 3443; x_wconf 90' lang='lat'>··-</span> <span class='ocrx_word' id='word_1_298' title='bbox 713 3404 762 3469; x_wconf 71' lang='lat' dir='ltr'>obi,</span> <span class='ocrx_word' id='word_1_299' title='bbox 816 3406 886 3471; x_wconf 85' lang='lat' dir='ltr'>Zeit,</span> <span class='ocrx_word' id='word_1_300' title='bbox 906 3402 1095 3473; x_wconf 84' lang='lat' dir='ltr'>„pitnktliob“.</span> 
     </span>
     <span class='ocr_line' id='line_1_34' title="bbox 180 3484 1388 3559; baseline -0.009 -15"><span class='ocrx_word' id='word_1_301' title='bbox 180 3504 218 3544; x_wconf 78' lang='grc' dir='ltr'>ιιι</span> <span class='ocrx_word' id='word_1_302' title='bbox 239 3488 294 3546; x_wconf 84' lang='lat' dir='ltr'>der·</span> <span class='ocrx_word' id='word_1_303' title='bbox 307 3489 404 3543; x_wconf 79' lang='lat' dir='ltr'>Kmte-</span> <span class='ocrx_word' id='word_1_304' title='bbox 418 3490 461 3544; x_wconf 86' lang='lat' dir='ltr'>bei</span> <span class='ocrx_word' id='word_1_305' title='bbox 480 3488 580 3544; x_wconf 73' lang='lat' dir='ltr'>naver.</span> <span class='ocrx_word' id='word_1_306' title='bbox 607 3520 641 3529; x_wconf 99' lang='lat'>-</span> <span class='ocrx_word' id='word_1_307' title='bbox 668 3490 763 3559; x_wconf 72' lang='lat' dir='ltr'>euplus</span> <span class='ocrx_word' id='word_1_308' title='bbox 827 3494 876 3547; x_wconf 60' lang='lat' dir='ltr'>sti.</span> <span class='ocrx_word' id='word_1_309' title='bbox 891 3484 1003 3547; x_wconf 76' lang='lat' dir='ltr'>uentum</span> <span class='ocrx_word' id='word_1_310' title='bbox 1021 3494 1047 3545; x_wconf 83' lang='lat' dir='ltr'>et</span> <span class='ocrx_word' id='word_1_311' title='bbox 1064 3496 1168 3544; x_wconf 72' lang='lat' dir='ltr'>aaran</span> <span class='ocrx_word' id='word_1_312' title='bbox 1180 3530 1187 3544; x_wconf 89' lang='lat'>.</span> <span class='ocrx_word' id='word_1_313' title='bbox 1201 3531 1207 3543; x_wconf 91' lang='lat'><em>.</em></span> <span class='ocrx_word' id='word_1_314' title='bbox 1220 3532 1228 3547; x_wconf 90' lang='lat'><strong>.</strong></span> <span class='ocrx_word' id='word_1_315' title='bbox 1239 3484 1388 3543; x_wconf 75' lang='lat' dir='ltr'>seeundum.</span> 
     </span>
     <span class='ocr_line' id='line_1_35' title="bbox 180 3576 1389 3648; baseline -0.006 -16"><span class='ocrx_word' id='word_1_316' title='bbox 180 3577 763 3648; x_wconf 63' lang='lat' dir='ltr'>umbilduteinenssegrilmruppen</span> <span class='ocrx_word' id='word_1_317' title='bbox 814 3580 872 3637; x_wconf 82' lang='lat' dir='ltr'>Der</span> <span class='ocrx_word' id='word_1_318' title='bbox 896 3581 978 3635; x_wconf 88' lang='lat' dir='ltr'>Wind</span> <span class='ocrx_word' id='word_1_319' title='bbox 1008 3580 1065 3634; x_wconf 89' lang='lat' dir='ltr'>und</span> <span class='ocrx_word' id='word_1_320' title='bbox 1093 3580 1137 3633; x_wconf 84' lang='lat' dir='ltr'>dia</span> <span class='ocrx_word' id='word_1_321' title='bbox 1164 3576 1238 3646; x_wconf 74' lang='lat' dir='ltr'>jetzt</span> <span class='ocrx_word' id='word_1_322' title='bbox 1265 3577 1389 3630; x_wconf 79' lang='lat' dir='ltr'>ossuum</span> 
     </span>
     <span class='ocr_line' id='line_1_36' title="bbox 182 3654 1387 3738; baseline -0.004 -17"><span class='ocrx_word' id='word_1_323' title='bbox 182 3675 264 3721; x_wconf 84' lang='lat' dir='ltr'>anter</span> <span class='ocrx_word' id='word_1_324' title='bbox 282 3665 416 3720; x_wconf 82' lang='lat' dir='ltr'>Wullen“.</span> <span class='ocrx_word' id='word_1_325' title='bbox 620 3704 623 3709; x_wconf 92' lang='lat'>-</span> <span class='ocrx_word' id='word_1_326' title='bbox 815 3669 939 3738; x_wconf 81' lang='lat' dir='ltr'>gebarde</span> <span class='ocrx_word' id='word_1_327' title='bbox 963 3668 1110 3735; x_wconf 76' lang='lat' dir='ltr'>Strbmung</span> <span class='ocrx_word' id='word_1_328' title='bbox 1134 3664 1289 3720; x_wconf 80' lang='lat' dir='ltr'>triebenc.</span> <span class='ocrx_word' id='word_1_329' title='bbox 1314 3654 1387 3716; x_wconf 69' lang='lat' dir='ltr'>nortl</span> 
     </span>
     <span class='ocr_line' id='line_1_37' title="bbox 218 3749 1389 3821; baseline -0.009 -14"><span class='ocrx_word' id='word_1_330' title='bbox 218 3757 243 3808; x_wconf 85' lang='grc'>3.</span> <span class='ocrx_word' id='word_1_331' title='bbox 261 3758 343 3821; x_wconf 72' lang='lat' dir='ltr'>atque</span> <span class='ocrx_word' id='word_1_332' title='bbox 361 3763 414 3808; x_wconf 74' lang='lat' dir='ltr'>ete,</span> <span class='ocrx_word' id='word_1_333' title='bbox 452 3754 508 3808; x_wconf 87' lang='lat' dir='ltr'>Der</span> <span class='ocrx_word' id='word_1_334' title='bbox 526 3753 591 3808; x_wconf 79' lang='lat' dir='ltr'>Sata</span> <span class='ocrx_word' id='word_1_335' title='bbox 615 3754 694 3810; x_wconf 78' lang='lat' dir='ltr'>lubre</span> <span class='ocrx_word' id='word_1_336' title='bbox 717 3755 762 3811; x_wconf 88' lang='lat' dir='ltr'>die</span> <span class='ocrx_word' id='word_1_337' title='bbox 816 3749 1389 3820; x_wconf 67' lang='lat' dir='ltr'>detitehmndnaebzweieinbalbstdndiger</span> 
     </span>
     <span class='ocr_line' id='line_1_38' title="bbox 181 3834 1389 3909; baseline -0.007 -13"><span class='ocrx_word' id='word_1_338' title='bbox 181 3840 427 3909; x_wconf 70' lang='lat' dir='ltr'>torbergebemlen</span> <span class='ocrx_word' id='word_1_339' title='bbox 439 3842 537 3895; x_wconf 86' lang='lat' dir='ltr'>Worte</span> <span class='ocrx_word' id='word_1_340' title='bbox 547 3842 625 3897; x_wconf 78' lang='lat' dir='ltr'>bueo</span> <span class='ocrx_word' id='word_1_341' title='bbox 643 3849 702 3897; x_wconf 76' lang='lat' dir='ltr'>erat</span> <span class='ocrx_word' id='word_1_342' title='bbox 714 3854 760 3899; x_wconf 81' lang='grc' dir='ltr'><strong>ιιι-</strong></span> <span class='ocrx_word' id='word_1_343' title='bbox 814 3846 904 3901; x_wconf 83' lang='lat' dir='ltr'>Fabrt</span> <span class='ocrx_word' id='word_1_344' title='bbox 923 3844 1031 3898; x_wconf 84' lang='lat' dir='ltr'>landete</span> <span class='ocrx_word' id='word_1_345' title='bbox 1044 3856 1073 3897; x_wconf 83' lang='lat' dir='ltr'>er</span> <span class='ocrx_word' id='word_1_346' title='bbox 1085 3858 1119 3895; x_wconf 85' lang='grc' dir='ltr'>ιιι</span> <span class='ocrx_word' id='word_1_347' title='bbox 1134 3842 1195 3896; x_wconf 87' lang='lat' dir='ltr'>dem</span> <span class='ocrx_word' id='word_1_348' title='bbox 1207 3840 1313 3895; x_wconf 85' lang='lat' dir='ltr'>flaeben</span> <span class='ocrx_word' id='word_1_349' title='bbox 1328 3834 1389 3891; x_wconf 79' lang='lat' dir='ltr'>ufar</span> 
     </span>
     <span class='ocr_line' id='line_1_39' title="bbox 180 3920 1389 3997; baseline -0.007 -13"><span class='ocrx_word' id='word_1_350' title='bbox 180 3938 247 3985; x_wconf 83' lang='lat' dir='ltr'>tura</span> <span class='ocrx_word' id='word_1_351' title='bbox 259 3930 354 3983; x_wconf 74' lang='lat' dir='ltr'>weiter</span> <span class='ocrx_word' id='word_1_352' title='bbox 365 3928 421 3983; x_wconf 90' lang='lat' dir='ltr'>und</span> <span class='ocrx_word' id='word_1_353' title='bbox 440 3930 609 3985; x_wconf 79' lang='lat' dir='ltr'>bosommtar</span> <span class='ocrx_word' id='word_1_354' title='bbox 627 3946 686 3989; x_wconf 67' lang='lat' dir='ltr'>ausa</span> <span class='ocrx_word' id='word_1_355' title='bbox 712 3934 762 3988; x_wconf 80' lang='lat' dir='ltr'>[lie</span> <span class='ocrx_word' id='word_1_356' title='bbox 814 3934 947 3988; x_wconf 81' lang='lat' dir='ltr'>nuisoben</span> <span class='ocrx_word' id='word_1_357' title='bbox 967 3932 1028 3985; x_wconf 86' lang='lat' dir='ltr'>dem</span> <span class='ocrx_word' id='word_1_358' title='bbox 1047 3930 1177 3997; x_wconf 78' lang='lat' dir='ltr'>beutigeu</span> <span class='ocrx_word' id='word_1_359' title='bbox 1188 3920 1389 3983; x_wconf 83' lang='lat' dir='ltr'>Walmereastle</span> 
     </span>
     <span class='ocr_line' id='line_1_40' title="bbox 182 4017 1389 4089; baseline -0.002 -18"><span class='ocrx_word' id='word_1_360' title='bbox 182 4017 274 4072; x_wconf 84' lang='lat' dir='ltr'>Bnebt</span> <span class='ocrx_word' id='word_1_361' title='bbox 310 4017 403 4072; x_wconf 78' lang='lat' dir='ltr'>warde</span> <span class='ocrx_word' id='word_1_362' title='bbox 437 4033 490 4071; x_wconf 83' lang='lat' dir='ltr'>rou</span> <span class='ocrx_word' id='word_1_363' title='bbox 526 4018 635 4087; x_wconf 77' lang='lat' dir='ltr'>Bergen</span> <span class='ocrx_word' id='word_1_364' title='bbox 671 4021 761 4089; x_wconf 76' lang='lat' dir='ltr'>einge·</span> <span class='ocrx_word' id='word_1_365' title='bbox 814 4021 869 4075; x_wconf 92' lang='lat' dir='ltr'>und</span> <span class='ocrx_word' id='word_1_366' title='bbox 885 4019 960 4074; x_wconf 79' lang='lat' dir='ltr'>lleel.</span> <span class='ocrx_word' id='word_1_367' title='bbox 987 4018 1044 4073; x_wconf 88' lang='lat' dir='ltr'>Der</span> <span class='ocrx_word' id='word_1_368' title='bbox 1056 4017 1117 4084; x_wconf 74' lang='lat' dir='ltr'>nug</span> <span class='ocrx_word' id='word_1_369' title='bbox 1136 4018 1185 4071; x_wconf 91' lang='lat' dir='ltr'>der</span> <span class='ocrx_word' id='word_1_370' title='bbox 1197 4017 1326 4081; x_wconf 73' lang='lat' dir='ltr'>bundung</span> <span class='ocrx_word' id='word_1_371' title='bbox 1338 4022 1389 4062; x_wconf 69' lang='lat' dir='ltr'>wal</span> 
     </span>
     <span class='ocr_line' id='line_1_41' title="bbox 181 4103 1397 4173; baseline -0.007 -14"><span class='ocrx_word' id='word_1_372' title='bbox 181 4106 335 4173; x_wconf 82' lang='lat' dir='ltr'>sehlosoeu,</span> <span class='ocrx_word' id='word_1_373' title='bbox 365 4106 469 4160; x_wconf 72' lang='lat' dir='ltr'>welche</span> <span class='ocrx_word' id='word_1_374' title='bbox 495 4120 527 4161; x_wconf 83' lang='lat' dir='ltr'>so</span> <span class='ocrx_word' id='word_1_375' title='bbox 551 4106 627 4161; x_wconf 89' lang='lat' dir='ltr'>diebt</span> <span class='ocrx_word' id='word_1_376' title='bbox 643 4124 686 4161; x_wconf 82' lang='lat' dir='ltr'>an</span> <span class='ocrx_word' id='word_1_377' title='bbox 710 4108 760 4163; x_wconf 82' lang='lat' dir='ltr'>doe</span> <span class='ocrx_word' id='word_1_378' title='bbox 815 4109 883 4163; x_wconf 87' lang='lat' dir='ltr'>naob</span> <span class='ocrx_word' id='word_1_379' title='bbox 903 4110 980 4162; x_wconf 67' lang='lat' dir='ltr'>etti.</span> <span class='ocrx_word' id='word_1_380' title='bbox 996 4112 1007 4160; x_wconf 91' lang='lat'>1</span> <span class='ocrx_word' id='word_1_381' title='bbox 1027 4123 1054 4163; x_wconf 86' lang='grc' dir='ltr'><strong>ιι.</strong></span> <span class='ocrx_word' id='word_1_382' title='bbox 1068 4108 1138 4161; x_wconf 73' lang='lat' dir='ltr'>net</span> <span class='ocrx_word' id='word_1_383' title='bbox 1159 4104 1208 4173; x_wconf 82' lang='lat' dir='ltr'>der</span> <span class='ocrx_word' id='word_1_384' title='bbox 1224 4108 1265 4158; x_wconf 83' lang='grc'>27.</span> <span class='ocrx_word' id='word_1_385' title='bbox 1278 4103 1397 4167; x_wconf 72' lang='lat' dir='ltr'>August:</span> 
     </span>
     <span class='ocr_line' id='line_1_42' title="bbox 183 4179 1388 4259; baseline -0.011 -11"><span class='ocrx_word' id='word_1_386' title='bbox 183 4194 262 4248; x_wconf 86' lang='lat' dir='ltr'>bleer</span> <span class='ocrx_word' id='word_1_387' title='bbox 277 4198 378 4259; x_wconf 72' lang='lat' dir='ltr'>treton,</span> <span class='ocrx_word' id='word_1_388' title='bbox 397 4193 458 4248; x_wconf 84' lang='lat' dir='ltr'>duis</span> <span class='ocrx_word' id='word_1_389' title='bbox 477 4194 631 4249; x_wconf 73' lang='lat' dir='ltr'>vondbuon</span> <span class='ocrx_word' id='word_1_390' title='bbox 650 4210 700 4249; x_wconf 83' lang='grc' dir='ltr'><strong>ιιιι</strong></span> <span class='ocrx_word' id='word_1_391' title='bbox 712 4196 762 4250; x_wconf 88' lang='lat' dir='ltr'>der</span> <span class='ocrx_word' id='word_1_392' title='bbox 801 4208 824 4225; x_wconf 47' lang='lat' dir='ltr'>*r</span> <span class='ocrx_word' id='word_1_393' title='bbox 850 4194 897 4251; x_wconf 74' lang='grc'>24.</span> <span class='ocrx_word' id='word_1_394' title='bbox 927 4201 950 4249; x_wconf 96' lang='lat'>1.</span> <span class='ocrx_word' id='word_1_395' title='bbox 969 4193 1101 4248; x_wconf 76' lang='lat' dir='ltr'>essedarii</span> <span class='ocrx_word' id='word_1_396' title='bbox 1120 4192 1154 4247; x_wconf 83' lang='lat' dir='ltr'>ei.</span> <span class='ocrx_word' id='word_1_397' title='bbox 1174 4208 1197 4250; x_wconf 85' lang='grc' dir='ltr'>ι..</span> <span class='ocrx_word' id='word_1_398' title='bbox 1217 4196 1258 4248; x_wconf 84' lang='grc'>33.</span> <span class='ocrx_word' id='word_1_399' title='bbox 1278 4218 1308 4230; x_wconf 81' lang='lat'>-—</span> <span class='ocrx_word' id='word_1_400' title='bbox 1327 4179 1388 4237; x_wconf 77' lang='lat' dir='ltr'>rali-</span> 
     </span>
    </p>
   </div>
   <div class='ocr_carea' id='block_1_5' title="bbox 179 4266 1386 4351">
    <p class='ocr_par' dir='ltr' id='par_1_6' title="bbox 179 4266 1386 4351">
     <span class='ocr_line' id='line_1_43' title="bbox 179 4266 1386 4351; baseline -0.006 -14"><span class='ocrx_word' id='word_1_401' title='bbox 179 4282 286 4337; x_wconf 69' lang='lat' dir='ltr'>strand</span> <span class='ocrx_word' id='word_1_402' title='bbox 303 4282 468 4338; x_wconf 82' lang='lat' dir='ltr'>besebomen</span> <span class='ocrx_word' id='word_1_403' title='bbox 485 4282 595 4338; x_wconf 74' lang='lat' dir='ltr'>werdon</span> <span class='ocrx_word' id='word_1_404' title='bbox 613 4284 727 4341; x_wconf 81' lang='lat' dir='ltr'>konute.</span> <span class='ocrx_word' id='word_1_405' title='bbox 817 4284 878 4351; x_wconf 69' lang='lat' dir='ltr'>pute</span> <span class='ocrx_word' id='word_1_406' title='bbox 906 4282 999 4351; x_wconf 69' lang='lat' dir='ltr'>copto.</span> <span class='ocrx_word' id='word_1_407' title='bbox 1032 4270 1108 4337; x_wconf 71' lang='lat' dir='ltr'>iiber</span> <span class='ocrx_word' id='word_1_408' title='bbox 1134 4281 1191 4335; x_wconf 88' lang='lat' dir='ltr'>den</span> <span class='ocrx_word' id='word_1_409' title='bbox 1209 4278 1310 4335; x_wconf 86' lang='lat' dir='ltr'>blolseu</span> <span class='ocrx_word' id='word_1_410' title='bbox 1332 4266 1386 4325; x_wconf 78' lang='lat' dir='ltr'>Abl.</span> 
     </span>
    </p>
   </div>
   <div class='ocr_carea' id='block_1_6' title="bbox 0 0 1472 4750">
    <p class='ocr_par' dir='ltr' id='par_1_7' title="bbox 0 0 1472 4750">
     <span class='ocr_line' id='line_1_44' title="bbox 0 0 1472 4750; baseline 0 0"><span class='ocrx_word' id='word_1_411' title='bbox 0 0 1472 4750; x_wconf 95' lang='lat' dir='ltr'> </span> 
     </span>
    </p>
   </div>
  </div>
 </body>
</html>
