2934 4750
203 199 246 264 68
679 228 722 284 ne
741 230 813 306 serio
833 234 949 296 Gallico.

256 365 289 425 et
311 378 382 427 cum
404 363 633 445 paterfamiliae
655 370 839 440 inlustriore
862 375 931 444 loco
955 387 1050 448 natus
1076 385 1223 468 decessit,
1254 394 1323 459 eius
1347 416 1419 478 pro·

255 466 365 548 pinqui
387 471 577 545 conveniunt
599 480 641 553 et,
666 476 706 541 de
729 487 831 546 morte
854 485 881 547 si
902 503 955 550 res
978 491 1009 552 in
1025 493 1235 573 suspicionem
1257 502 1355 580 veuit,
1380 505 1420 570 de

254 573 403 640 uxoribus
425 576 458 640 in
480 578 626 644 servilem
643 583 770 649 modum
787 590 1003 667 quaestionem
1026 593 1145 665 babent
1167 607 1208 681 et,
1232 607 1259 668 si
1274 624 1419 690 comper-

254 686 322 744 tum
345 685 404 760 est,
428 681 495 764 igni
516 691 612 766 atque
634 688 780 755 omnibus
804 696 970 763 tormentis
993 705 1190 772 excruciatas
1212 709 1415 782 interficiunt.

216 800 233 849 4
251 787 377 852 Funera
391 795 468 853 sunt
481 807 539 871 pro
556 791 643 858 cultu
659 793 823 862 Gallorum
840 801 1006 882 magnilica
1021 813 1054 873 et
1069 818 1269 899 sumptuosa,
1295 823 1418 886 omnia·

251 909 322 974 qne,
356 912 437 975 quae
466 895 546 961 viris
579 899 669 964 cordi
699 899 798 968 luisse
832 906 1037 994 arbitrantur,
1068 915 1099 978 in
1130 917 1235 1000 ignem
1263 922 1415 1002 inierunt,

250 1001 345 1066 etiam
361 1000 517 1080 animalia,
542 1021 581 1068 ac
600 1004 696 1085 paulo
711 1025 808 1090 supra
824 1010 906 1080 hanc
921 1019 1104 1085 memoriam
1121 1027 1253 1092 serviet
1269 1029 1416 1114 clientes,

249 1123 328 1187 quos
357 1107 397 1171 ab
424 1107 464 1172 iis
494 1107 626 1174 dilectos
652 1129 724 1177 esse
747 1117 927 1200 constabat,
959 1121 1050 1189 iustis
1073 1125 1235 1195 funeribus
1258 1136 1414 1202 confectis

247 1230 311 1277 una
334 1212 565 1280 cremabantur.

213 1333 228 1382 1
336 1323 388 1385 20.
439 1318 528 1396 Quae
560 1321 703 1388 civitates
732 1329 928 1396 commodius
957 1349 1047 1399 suam
1077 1342 1324 1422 rempublicam
1357 1350 1412 1413 ad·

246 1425 424 1490 ministrare
447 1426 684 1511 existimantur,
712 1429 832 1498 babent
855 1434 977 1517 legibus
1000 1447 1154 1523 sanctum,
1188 1447 1216 1512 si
1237 1451 1308 1530 quis
1331 1455 1410 1534 quid

245 1531 286 1596 de
313 1549 348 1597 re
376 1530 501 1613 publica
531 1551 551 1598 a
580 1530 719 1602 finitimis
748 1556 875 1606 rumore
904 1561 942 1610 ac
972 1543 1055 1612 lama
1086 1555 1263 1633 acceperit,
1294 1559 1343 1622 uti
1368 1561 1408 1625 ad

208 1650 226 1699 2
244 1637 464 1720 magistratum
482 1637 604 1704 deierat
619 1660 698 1706 neve
721 1662 794 1708 cum
810 1664 872 1728 quo
889 1647 951 1714 alio
968 1655 1186 1738 communicet,
1210 1662 1294 1740 quod
1310 1681 1408 1747 saepe

243 1743 385 1809 homines
408 1745 592 1810 temerarios
614 1753 711 1830 atque
733 1750 897 1832 imperitos
921 1752 1008 1821 ialsis
1031 1761 1211 1828 rumoribus
1234 1770 1351 1833 terreri
1376 1780 1406 1836 et

243 1850 285 1915 ad
312 1849 433 1917 facinus
462 1850 581 1932 impelli
611 1858 644 1917 et
674 1853 713 1919 de
744 1858 875 1922 summis
905 1862 1000 1928 rebus
1024 1865 1188 1932 consilium
1213 1889 1330 1952 capere
1353 1895 1401 1941 co-

207 1957 364 2039 agnitum
388 1961 444 2022 est.
491 1955 715 2039 Magistratus,
745 1979 828 2042 quae
849 1965 918 2030 visa
945 1974 1028 2048 sunt,
1059 1971 1228 2054 occultant,
1259 1995 1403 2062 quaeque

241 2081 310 2128 esse
335 2081 375 2128 ex
397 2080 458 2127 usu
473 2063 701 2145 iudicaverunt,
725 2067 923 2136 multitudini
946 2074 1095 2154 produnt.
1141 2077 1189 2144 De
1213 2100 1248 2146 re
1273 2087 1398 2164 publica

203 2221 206 2225 .
239 2169 301 2233 nisi
323 2186 380 2250 per
403 2167 568 2233 concilium
592 2168 678 2250 loqui
700 2190 764 2237 non
787 2175 978 2244 conceditur.

94 2344 97 2351 ,
205 2289 217 2337 1
328 2279 379 2341 21.
437 2274 588 2338 Germani
624 2275 758 2342 multum
795 2280 835 2344 ab
874 2279 933 2346 bac
970 2288 1197 2354 consuetudine
1240 2292 1384 2361 differunt.

238 2380 319 2445 Nam
342 2396 444 2460 neque
468 2378 596 2444 druides
619 2379 753 2463 habeut,
784 2386 838 2466 qui
861 2388 957 2453 rebus
980 2390 1093 2458 divinis
1115 2397 1269 2479 praesint,
1299 2421 1392 2483 neque

184 2522 218 2577 ci.
237 2537 261 2575 c.
281 2522 322 2575 16.
351 2524 367 2573 3
385 2536 436 2587 pro
454 2520 511 2574 vita
522 2518 640 2573 hominis
652 2522 715 2575 nisi.
729 2552 763 2561 -
851 2531 876 2581 2.
897 2544 1003 2584 rumore
1021 2532 1150 2601 acfouur,
1170 2535 1220 2591 das
1233 2542 1393 2597 erstcrebe-

182 2610 214 2663 c'u
231 2608 414 2677 suspicionem
431 2608 503 2661 acuit
522 2628 554 2652 =
575 2609 696 2675 suspicio
710 2619 762 2678 est,
815 2616 942 2671 zeicbnet
961 2618 1009 2673 das
1023 2619 1134 2690 dunkle,
1147 2614 1395 2696 unverbbrgtelle—

182 2697 302 2753 ntmlich
320 2696 381 2751 dass
400 2696 443 2750 die
462 2696 537 2750 Fran
562 2696 615 2751 den
634 2697 693 2751 Tod
713 2699 761 2753 des
815 2703 894 2773 rede,
914 2704 963 2760 das
982 2708 1083 2765 andere
1103 2710 1152 2766 das
1171 2712 1231 2767 laut
1249 2717 1305 2770 und
1325 2718 1395 2773 offen

181 2783 761 2842 Mauuesverscbuldetbat.-c'useuoc'lem
814 2792 978 2849 verbreitete
998 2797 1127 2853 Gerilcht.

179 2874 296 2940 modum,
315 2874 341 2927 in
361 2873 431 2927 Rom
449 2873 570 2940 geschab
589 2873 639 2927 das
652 2874 761 2931 Verhbr
850 2883 874 2933 3.
894 2896 927 2934 ex
945 2898 1007 2949 usu,
1026 2884 1060 2939 cf.
1081 2887 1112 2941 V.
1133 2890 1157 2941 6.
1168 2892 1192 2942 6.
1212 2918 1243 2928 —
1261 2906 1314 2957 per
1332 2909 1394 2947 cou-

180 2964 229 3018 der
253 2962 373 3017 Sklaven
399 2961 485 3015 durch
503 2963 684 3032 Anwendung
710 2965 759 3019 der
813 2966 911 3038 cilium,
931 2972 1038 3027 modale
1057 2974 1252 3045 Bestimmnng.
1267 3008 1301 3017 -
1317 2980 1392 3048 loqui

178 3052 280 3106 Folter.
300 3080 334 3089 —
352 3049 604 3115 sdcompertumcat
619 3067 714 3119 „wenn
727 3068 758 3107 es
811 3070 867 3107 uou
897 3059 1064 3114 conceditur.
1113 3064 1191 3118 Auoh
1222 3065 1265 3119 bei
1296 3067 1393 3123 Cicero

178 3140 328 3207 begrnndec
345 3138 409 3193 ist‘t
810 3140 895 3197 findet
907 3145 967 3200 sich
977 3149 1108 3203 zuweilen
1121 3150 1169 3205 das
1179 3156 1391 3221 unperrbnlichc

212 3231 237 3282 4.
261 3242 301 3294 uc,
330 3225 479 3294 steigernd,
504 3225 539 3279 ci.
563 3242 585 3279 c.
608 3229 651 3281 23.
670 3232 695 3282 6.
721 3258 755 3268 -
809 3228 909 3284 Passio
920 3249 972 3286 von
989 3236 1138 3291 concedere
1149 3239 1198 3293 mit
1211 3239 1272 3295 dem
1285 3243 1390 3299 bloisen

175 3330 278 3383 supra,
298 3330 349 3368 nur
367 3314 426 3368 hier
444 3313 481 3365 im
499 3312 644 3367 zeitlichen
663 3314 755 3372 Sinne.
808 3316 1142 3391 Infinitivverbunden,cf.
1153 3326 1391 3400 Oic.Lael.12,43.

176 3433 208 3441 -
224 3403 307 3455 iustis
315 3401 460 3468 funeribus
471 3400 606 3467 cousecta‘a,
617 3411 674 3456 erst
683 3406 754 3459 nach
809 3404 918 3461 Tuscul.
936 3408 968 3463 V.
991 3414 1031 3465 10.
1051 3416 1094 3467 31.

175 3490 353 3558 Beendigung
372 3488 420 3543 der
431 3487 622 3545 Leiehenfeier
639 3490 685 3544 fiir
701 3492 754 3546 den

174 3577 388 3645 Verstorbenen,
406 3576 511 3631 welche
528 3578 577 3630 mit
587 3580 753 3634 mancherlei
985 3622 1011 3687 Κ
1088 3626 1121 3691 21
1166 3628 1202 3692 28

172 3666 351 3722 Zeremonien
370 3664 527 3720 verbunden
546 3682 611 3723 war.
1011 3639 1063 3707 ap·
1123 3662 1164 3671 “
1205 3678 1212 3689 ·

224 3788 351 3842 xmo,
378 3786 697 3842 „mmmmm
835 3756 1061 3825 Vergleiclrcnde
1086 3764 1279 3834 Sobilderung
1304 3771 1357 3825 der

141 3878 154 3893 ⁴
206 3861 253 3916 2⁰.
292 3866 314 3915 1.
332 3859 505 3926 commodius,
526 3860 750 3929 aueckmblsiger
852 3848 1071 3910 germaniscbeu
1090 3852 1185 3907 srucu
1203 3855 1263 3911 und
1281 3858 1330 3913 des

170 3951 207 4004 im
225 3948 374 4019 Vergleich
397 3965 432 4003 au
451 3948 555 4003 andern
573 3948 694 4006 Staaten.
715 3977 745 3988 -
1031 3938 1153 3995 Laudes.

169 4038 270 4092 babeat
286 4037 390 4105 lepidus
406 4041 540 4104 eoactum,
559 4043 627 4091 statt
639 4036 747 4105 legibus
835 4055 906 4109 arcp.
920 4057 959 4102 21.
987 4058 1130 4114 Religidce
1143 4062 1204 4107 und
1218 4065 1346 4112 artuicus

168 4134 328 4195 sanxerunt,
342 4142 386 4180 um
399 4125 448 4180 das
456 4125 584 4180 Resultat
596 4125 646 4181 der
655 4125 748 4180 Hand·
986 4129 1190 4179 verualtnisae.

166 4215 233 4284 lunp
245 4214 324 4269 mehr
339 4231 399 4269 aum
410 4214 557 4269 Ausdruck
574 4231 609 4268 zu
621 4213 747 4282 bringen,
837 4215 883 4271 21.
915 4223 938 4273 1.
948 4234 1034 4286 aeque
1046 4220 1159 4277 druides
1170 4222 1276 4278 habeut.
1296 4224 1377 4279 Wobl

166 4301 202 4356 cl.
220 4301 242 4356 1.
260 4304 286 4357 9.
304 4305 321 4355 3
339 4301 441 4357 babere
460 4302 614 4357 obstrictas.
801 4302 896 4359 hatten
907 4305 950 4361 die
961 4307 1115 4363 Germauen
1127 4310 1258 4381 Priestar‚
1269 4311 1302 4366 ci.
1314 4312 1376 4365 Tac.
