2934 4750
126 205 192 298 ἡ62
549 198 553 206 “
625 215 668 270 De
686 215 760 270 bello
779 215 892 270 Gallico.

153 351 158 360 '
203 358 359 424 lateribus
382 357 564 438 ostendunt,
587 375 652 421 una
673 375 694 421 a
714 357 817 438 primo
839 357 966 439 agmine
988 357 1050 421 iter
1072 357 1227 438 impedire
1250 356 1364 437 coepit.

170 463 276 542 2Qua
308 483 342 528 re
376 464 524 528 nuntiata
562 460 680 528 Caesar
711 480 805 527 suum
836 480 961 544 quoque
992 462 1169 544 equitatum
1203 462 1366 544 tripertito

206 569 339 634 divisum
363 573 476 634 contra
498 567 622 632 hostem
654 567 701 632 ire
730 567 828 634 iubet.
874 567 1039 648 Pugnatur
1065 585 1130 632 una
1160 567 1308 632 omuibus
1336 567 1368 632 in

142 708 144 715 ·
169 674 359 755 apartibus.
405 672 559 738 Consistit
580 691 714 755 agmeu3
738 669 964 753 impedimenta
986 673 1070 738 inter
1092 672 1234 755 legiones
1257 673 1368 754 recipi-

168 781 316 844 4untur.'
355 777 388 844 Si
419 795 484 859 qua
509 779 543 842 in
573 782 666 860 parte
701 778 802 842 nostri
834 776 982 843 laborare
1014 783 1070 842 aut
1102 779 1232 860 gravius
1267 777 1369 860 premi

203 885 400 963 videbantur,
424 902 463 948 eo
485 883 577 965 signa
599 882 709 948 inferri
733 879 854 948 Caesar
876 883 1041 964 aciemque
1058 884 1198 948 converti
1221 883 1365 964 iubebat;

204 1007 286 1070 quae
308 1007 360 1053 res
381 993 416 1053 et
438 987 546 1053 hostes
580 988 621 1052 ad
650 988 880 1068 insequendum
907 987 1057 1052 tardabat
1089 993 1122 1052 et
1152 991 1279 1052 nostros
1311 1005 1368 1069 spe

170 1093 312 1159 aauxilii
336 1091 551 1158 confirmabat.
596 1093 739 1157 Tandem
763 1092 916 1159 Germani
944 1093 983 1158 ab
1015 1093 1125 1159 dextro
1154 1093 1255 1158 latere
1282 1110 1367 1157 sum-

204 1218 289 1264 mum
314 1200 423 1280 iugum
446 1199 533 1263 nacti
562 1198 670 1264 hostes
697 1199 767 1264 loco
800 1197 979 1282 depelluut;
1006 1196 1164 1279 fugientes
1192 1215 1294 1278 usque
1328 1199 1368 1263 ad

205 1302 330 1382 flumen,
354 1304 408 1368 ubi
438 1304 678 1386 Vercingetorix
705 1322 778 1392 cum
808 1304 1007 1385 pedestribus
1039 1303 1138 1384 copiis
1169 1303 1367 1382 consederat,

170 1402 440 1491 spersequuntur
468 1409 707 1490 compluresque
733 1409 938 1476 interficiunt.
984 1409 1117 1487 Quare
1149 1408 1369 1474 animadversa

205 1515 327 1596 reliqui,
351 1533 392 1579 ue
416 1515 668 1595 circumirentur,
702 1515 794 1579 veriti
818 1532 853 1580 se
882 1513 976 1596 fugae
1004 1515 1166 1582 mandant.
1214 1513 1369 1579 Omnibus

169 1621 282 1688 rloeis
304 1619 341 1685 dt
363 1621 487 1686 caedes.
532 1619 610 1686 Tres
641 1621 828 1685 nobilissimi
857 1619 983 1686 Haedui
1013 1621 1097 1701 capti
1125 1621 1166 1685 ad
1197 1619 1370 1686 Gaesarem

203 1709 435 1808 perducuntur:
460 1724 568 1807 (lotus,
591 1725 772 1808 praefectus
789 1724 937 1808 equitum,
961 1726 1014 1808 qui
1030 1727 1281 1792 controversiam
1297 1744 1370 1791 oum

205 1831 445 1898 Convictolitavi
462 1832 611 1913 proximis
627 1832 763 1897 comitiis
778 1831 945 1910 babuerat,
969 1836 1001 1896 et
1017 1830 1202 1911 Cauarillus,
1226 1833 1282 1912 qui
1298 1836 1371 1912 post

205 1937 412 2003 delectionem
440 1938 594 2002 Litavicci
627 1938 829 2018 pedestribus
852 1937 952 2018 copiis
974 1935 1166 2019 praefuerat,
1192 1942 1224 2001 et
1247 1936 1371 2018 Epore-

205 2045 302 2122 dorix,
326 2062 387 2124 quo
412 2043 492 2107 duce
516 2049 590 2108 ante
614 2043 786 2108 adventum
810 2040 958 2107 Caesaris
980 2043 1106 2128 Haedui
1127 2061 1197 2107 cum
1213 2041 1371 2123 Sequanis

204 2149 287 2214 bello
311 2148 548 2232 contenderant.

171 2268 187 2315 1
313 2259 364 2321 68.
402 2253 527 2334 Fugato
552 2253 636 2319 omni
659 2254 805 2334 equitatu
828 2253 1070 2334 Vercingetorix
1102 2254 1219 2334 copias,
1248 2258 1285 2317 ut
1312 2271 1369 2334 pro

207 2347 319 2425 eastris
353 2358 574 2437 collocaverat,
609 2357 735 2425 reduxit
753 2359 973 2442 'protinusque
1010 2358 1159 2438 Alesiam,
1196 2359 1281 2441 quod
1319 2365 1370 2424 est

152 2621 176 2662 c,
195 2604 217 2658 I.
239 2606 281 2657 76.
300 2606 316 2656 3
335 2619 361 2656 u.
379 2602 415 2657 Il.
436 2605 477 2656 18.
492 2602 640 2670 baliquem
652 2583 732 2657 iusiu·
787 2602 957 2670 aufgehende
976 2604 1054 2669 signa
1072 2601 1177 2657 inferri.
1196 2632 1230 2642 -
1249 2592 1369 2656 ad'r'nac·

152 2694 268 2749 randum
295 2691 407 2759 adigere
426 2690 491 2747 Sall.
512 2691 572 2745 Cat.
601 2695 643 2746 22.
665 2697 679 2745 l
698 2690 733 2745 ad
788 2690 923 2759 quendam
942 2690 1083 2756 tardabat,
1102 2690 1178 2745 ete.
1198 2692 1240 2744 26.
1258 2694 1285 2747 2.

153 2780 339 2835 iusiurandum
363 2779 485 2847 adigere.
510 2808 540 2819 -
568 2780 603 2831 ab
629 2778 734 2833 duobos
823 2782 847 2832 5.
870 2777 1015 2845 Germani,
1045 2779 1095 2833 die·
1112 2779 1242 2833 abisahen
1265 2778 1370 2843 liciter,

152 2869 285 2922 lateribus
304 2875 355 2922 eto.
369 2868 581 2935 Vercingetorix
593 2866 676 2934 greift
689 2867 734 2921 die
788 2865 822 2920 cl.
842 2882 865 2921 e.
884 2869 926 2919 65.
946 2868 972 2919 4.
992 2894 1027 2905 -
1045 2881 1184 2919 sommum
1195 2864 1306 2933 lugam,
1325 2865 1370 2919 die

153 2958 290 3011 romische
296 2957 550 3023 Kolonnezugleich
558 2956 586 3009 in
593 2955 645 3010 den
654 2955 734 3008 Flan·
788 2953 868 3007 Habe
878 2953 926 3008 des
937 2953 1093 3021 Erdbdgels
1104 2954 1371 3021 vonMontaaugeou.

152 3044 206 3098 ken
216 3044 271 3097 und
280 3060 334 3098 von
343 3060 411 3098 rorn
421 3060 457 3097 an
466 3044 494 3109 (a
505 3045 594 3111 primo
604 3042 731 3111 agmine).
786 3072 820 3080 —
839 3056 925 3110 usqae
943 3040 982 3093 ad
991 3042 1099 3108 flueren,
1119 3041 1168 3095 der
1184 3041 1261 3095 Bacb
1272 3040 1371 3108 Badiu,

189 3136 213 3186 2.
233 3130 370 3199 tripertita
390 3131 475 3186 findet
488 3132 548 3186 sich
561 3132 686 3198 haufiger
703 3132 732 3184 in
782 3129 907 3184 selcher
922 3129 992 3183 ¹sich
1017 3130 1046 3182 in
1073 3128 1116 3183 die
1137 3128 1301 3196 Vingeanna
1325 3145 1372 3183 er·

62 3238 79 3246 ··
154 3220 333 3287 Verbindung
359 3221 409 3274 mit
437 3220 570 3286 dividere,
598 3218 632 3273 cf.
658 3218 732 3272 VIII.
786 3216 866 3285 giels3
897 3216 946 3271 auf
967 3216 1066 3271 dessea
1090 3215 1198 3289 rechter
1230 3216 1373 3273 Ulerseite

153 3313 195 3363 33.
218 3312 230 3361 1
249 3308 386 3375 tripertito
406 3308 568 3362 cohortibus
587 3307 690 3361 divisis.
786 3306 866 3359 batte
887 3303 1096 3371 Vercingetorix
1114 3304 1158 3358 die
1176 3304 1373 3373 Fusstruppen

188 3400 213 3452 3.
231 3395 304 3449 inter
322 3395 448 3463 legiones.
479 3395 621 3448 Wabrend
632 3395 732 3448 rorber
787 3392 954 3460 aufgestallt.

155 3484 197 3537 die
215 3483 355 3549 Legionem
373 3484 401 3535 in
414 3468 733 3549 weitererEntlernung,
824 3485 849 3535 6.
869 3480 994 3536 omuibus
1020 3479 1096 3546 loeta,
1123 3480 1157 3535 of.
1186 3496 1209 3537 c.
1235 3483 1279 3535 25.
1307 3486 1319 3534 1
1342 3481 1373 3535 iu

152 3571 238 3625 durch
248 3570 445 3625 denTrolsvon
455 3569 584 3625 einander
593 3578 735 3638 getrennt,
789 3568 913 3622 omnibus
933 3568 1006 3623 locis.

153 3659 367 3724 marscbierten,
395 3656 519 3712 bildeten
538 3658 577 3711 sie
598 3658 670 3726 jetat
688 3658 733 3712 ein
824 3659 848 3710 7.
869 3654 966 3722 Gotaa,
990 3654 1024 3709 cl.
1049 3671 1072 3710 a.
1098 3659 1140 3711 32.
1163 3658 1189 3709 4.
1209 3684 1243 3695 -
1262 3654 1373 3723 Epora·

155 3748 247 3811 Curre,
268 3748 297 3800 in
316 3746 414 3801 dassen
427 3746 508 3800 Mitte
521 3745 579 3800 sicb
593 3745 641 3800 der
652 3746 733 3801 Trois
788 3742 878 3808 adria,
898 3736 974 3797 nieht
992 3760 1026 3797 zu
1039 3744 1226 3798 verweohseln
1238 3744 1289 3797 mit
1310 3745 1374 3799 dem

154 3834 262 3888 befand.
786 3830 1375 3899 frilbergenanntenEporedbrIx,welcber

189 3926 214 3975 4.
250 3919 353 3986 nostri,
379 3919 423 3974 die
451 3922 605 3976 romIsohen
628 3921 733 3975 Reiter.
788 3919 1202 3974 dasBlutbadinNoriodunum
1216 3919 1375 3975 veranlasst

153 4038 187 4047 —
207 4024 237 4062 eo
255 4010 335 4077 siqua
353 4008 470 4074 infarri,
493 4010 616 4064 einzelne
641 4009 733 4063 abaci·
788 4007 876 4074 hatte,
895 4007 929 4064 al.
949 4022 971 4061 e.
991 4011 1031 4061 55.
1050 4010 1075 4061 5.

154 4096 257 4165 langen
287 4096 335 4151 des
358 4096 524 4151 Fulavollres
552 4096 653 4152 sollten
681 4094 735 4150 den
780 4106 793 4121 ²
823 4094 870 4149 68.
909 4099 932 4149 l.
951 4094 1078 4161 reuocat,
1101 4094 1154 4149 don
1172 4094 1305 4161 Ruclraug
1325 4110 1376 4150 an·

154 4183 325 4251 bedrangren
349 4184 465 4239 Reitern
493 4185 577 4239 Hulfe
604 4186 733 4251 bringam
788 4188 880 4237 treton
899 4182 992 4237 lassen
1011 4182 1066 4237 md
1084 4198 1157 4237 zwar
1174 4182 1245 4237 nach
1264 4181 1375 4249 Alesia,

153 4272 294 4339 aciemque
322 4273 447 4332 converti
472 4273 578 4327 erklart
607 4272 656 4326 das
675 4286 736 4325 vor·
790 4269 824 4325 el.
845 4286 868 4324 c.
887 4273 930 4325 69.
951 4274 974 4326 l.
