2934 4750
157 171 198 231 32
627 183 668 237 De
686 182 761 237 bello
781 183 896 240 Gallico.

210 342 280 389 cum
303 324 421 409 singuli
445 326 650 408 magistratus
673 325 849 405 antiquitus
871 326 974 390 creari
1004 331 1101 407 atque
1133 325 1253 407 regiam
1283 331 1376 408 pote-

210 433 324 494 statem
340 450 458 496 annum
471 432 615 529 obtinere
639 437 855 507 consuessent,
878 430 941 495 duo
964 431 1187 513 magistratum
1203 428 1327 513 ‘gerant
1341 440 1376 497 et

174 545 244 599 ise
276 534 411 617 uterque
445 534 558 602 eorum
585 535 709 617 legibus
741 540 883 601 creatum
913 554 983 601 esse
1012 537 1106 603 dicat.
1151 537 1276 602 Horum
1303 556 1374 603 esse

208 641 345 705 alterum
368 641 661 720 Convictolitavcm,
686 638 851 706 florentem
874 646 908 706 et
930 642 1096 707 inlustrem
1123 642 1372 722 adulescentem,

207 745 342 811 alterum
367 746 491 826 Cotum,
514 747 737 828 antiquissima
757 744 880 811 familia
902 753 1013 812 natum
1034 753 1131 829 atque
1152 749 1257 829 ipsum
1273 749 1373 814 bomi-

95 858 98 865 '
164 855 166 861 '
207 869 280 916 nem
303 870 445 917 summae
468 854 630 937 potentiae
652 858 684 916 et
700 870 836 934 magnae
850 854 1059 939 cognationis,
1083 855 1173 919 cuins
1187 852 1288 919 frater
1308 856 1373 920 Va·

173 955 344 1022 oleciacus
366 958 509 1039 proximo
533 976 616 1023 anno
640 958 775 1023 eundem
805 959 1029 1039 magistratum
1059 960 1204 1041 gesserit.
1251 959 1373 1026 Civita-

209 1067 271 1127 tem
295 1080 365 1143 esse
389 1082 511 1128 omnem
535 1064 567 1127 in
583 1064 695 1144 armis;
720 1063 856 1128 divisum
875 1070 1032 1143 senatum,
1056 1065 1193 1129 divisum
1208 1066 1370 1148 populum,
1437 1120 1440 1126 .

172 1175 188 1225 6
208 1166 326 1232 divisas
350 1169 501 1249 ouirmque
525 1186 634 1233 eorum
658 1167 832 1243 clientelas.
878 1168 1020 1245 Quodsi
1043 1169 1385 1236 diutiusnlaturcon·‘

51 1339 57 1349 ,
207 1274 372 1352 troversia,
398 1272 475 1353 fore,
503 1274 551 1338 nti
580 1292 654 1354 pars
686 1291 758 1339 cum
786 1280 877 1354 parte
905 1259 1044 1340 civitatis
1069 1274 1236 1356 'confligam
1269 1276 1303 1341 id
1331 1296 1371 1342 ne

74 1390 80 1397 “
143 1368 146 1373 ’
203 1378 340 1456 ,accidet
364 1379 501 1459 positum
525 1380 557 1443 in
581 1379 648 1444 eius
673 1378 838 1459 diligentia
862 1385 959 1471 atque
981 1381 1203 1447 auctoritate.'

123 1478 126 1483 ’
176 1492 187 1539 1
315 1488 365 1547 33.
412 1481 541 1563 Caesar,
576 1485 638 1549 etsi
670 1503 690 1548 a
719 1483 803 1547 bello
835 1491 931 1567 atoue
960 1485 1053 1550 hoste
1081 1486 1245 1551 discedere
1273 1486 1371 1552 detri-

207 1592 386 1653 mentosum
417 1607 486 1653 esse
518 1590 726 1669 existimabat,
759 1595 867 1653 tamen
895 1607 973 1654 non·
990 1592 1152 1671 ignorans,
1185 1596 1311 1671 quanta
1333 1610 1370 1655 ex

207 1692 458 1783 dissensionibus
480 1694 678 1759 incommoda
695 1690 781 1780 ‘oriri
809 1701 1024 1776 consuessent,
1057 1714 1096 1759 ne
1122 1702 1213 1761 tanta
1240 1701 1274 1761 et
1302 1703 1370 1761 tam

207 1798 376 1862 coniuncta
397 1798 516 1882 ,populo
540 1799 681 1864 Romano
705 1799 827 1879 civitas,
843 1786 951 1881 'quam
981 1800 1052 1889 ipse
1080 1819 1207 1882 semper
1235 1802 1371 1867 aluisset

206 1904 412 1984 omnibusque
441 1903 537 1967 'rebus
565 1908 719 1981 ornasset,
746 1903 787 1968 ad
815 1905 880 1967 -vim
909 1912 1006 1985 atque
1036 1923 1125 1969 arma
1152 1906 1368 1987 descenderet,

201 2002 302 2089 'atque
325 2028 363 2073 ea
385 2027 470 2090 pars,
495 2028 576 2091 quae
601 2012 704 2075 minus
720 2010 789 2074 sibi
811 2010 992 2090 confideret,
1017 2010 1136 2076 auxilia
1158 2030 1179 2076 a
1199 2013 1369 2095 Vercinge-

170 2116 310 2195 2torige
332 2122 516 2194 arcesseret,
541 2115 614 2179 huic
635 2116 683 2181 rei
705 2115 969 2197 praevertendum
996 2117 1190 2181 existimavit
1217 2122 1258 2196 et,
1275 2120 1370 2199 >quod

205 2218 328 2298 legibus
351 2218 556 2285 Haeduorum
584 2222 631 2301 iis
659 2222 713 2301 qni
740 2238 898 2285 summum
928 2220 1149 2311 magistratum
1177 2222 1374 2302 obtinerent

204 2325 356 2391 excedere
380 2343 417 2390 ex
440 2325 554 2391 finibus
577 2345 640 2391 non
663 2326 782 2418 liceret,
806 2345 845 2391 ne
870 2326 946 2408 quid
970 2326 1009 2390 de
1033 2328 1102 2391 iure
1117 2327 1230 2392 autde
1245 2321 1369 2411 legibus

109 2603 111 2607 -
187 2572 211 2623 4.
228 2569 367 2634 florentem
397 2572 465 2625 wird
492 2571 576 2629 durch
602 2572 650 2625 das
683 2572 733 2626 fol-

45 2652 47 2657 '
151 2657 239 2724 gendo
267 2658 402 2712 hominem
437 2675 557 2714 summae
584 2661 731 2728 potentiae,

150 2745 295 2800 inlustrem
328 2746 413 2800 durch
446 2748 581 2802 hominem
617 2763 731 2814 magnae

123 2855 126 2860 ·
150 2835 322 2901 cognationis
329 2835 414 2888 uther
421 2836 542 2898 erkltrt3
554 2841 632 2889 sonet
645 2835 731 2890 findet

150 2922 209 2975 sich
229 2922 272 2976 bei
294 2921 394 2977 florere
419 2923 590 2990 gewdhnlich
602 2927 661 2976 'zur
679 2924 730 2976 Er·

149 3008 269 3077 klarung
287 3011 331 3064 ein
350 3011 422 3078 Abi,
441 3011 475 3065 of.
495 3011 603 3065 Gornel.
622 3011 695 3064 Milt.
708 3011 729 3065 I.

112 3155 115 3161 ,
140 3102 164 3148 ’1
193 3111 253 3150 cnm
289 3102 316 3150 et
352 3098 520 3164 antiquitate
557 3100 665 3166 generis
701 3107 730 3154 et

149 3185 237 3251 gloria
255 3185 385 3238 maiorum
405 3191 432 3239 et
450 3201 500 3239 sua
513 3187 648 3241 modestia
660 3202 729 3240 uirus

149 3271 266 3326 omnium
292 3274 408 3326 maxime
429 3272 557 3351 floreret.
587 3303 617 3312 -—
647 3279 728 3342 atquc

148 3360 239 3426 ipsum
258 3360 437 3428 „ebensalls“.

184 3451 209 3502 5.
237 3448 342 3502 diuisas
372 3450 503 3516 cutesque
532 3463 624 3501 corum
651 3450 730 3502 olma-

148 3536 224 3603 telos,
237 3535 280 3609 die
294 3537 444 3592 clientelen
459 3537 730 3607 uGefolgschafren,

149 3623 253 3680 soviele
282 3639 311 3678 es
339 3613 422 3678 deren
449 3625 493 3679 bei
522 3625 574 3679 den
598 3625 728 3680 thuern

147 3712 209 3778 gab,
228 3713 302 3766 seien
320 3711 424 3780 geteilt.
570 3703 574 3712 ’

125 3830 128 3836 ·
182 3799 226 3854 33.
248 3805 271 3853 1.
291 3799 509 3854 detrirrzcntoaum
529 3800 614 3854 findet
627 3801 685 3854 sich
699 3802 727 3855 in

147 3887 195 3941 der
227 3903 332 3955 gonzen
357 3888 491 3942 Latinit'at
518 3904 571 3941 nur
598 3889 667 3942 hier.
694 3917 728 3928 -

147 3973 412 4044 cudisseaoionibua,
423 3991 473 4028 aus
484 3975 536 4029 den
543 3975 727 4042 Parteiungen

146 4062 182 4114 im
209 4061 303 4117 Smate
322 4051 376 4116 'der
399 4062 519 4118 thuer.
552 4091 582 4102 -
613 4063 728 4117 aluisset

787 2601 821 2611 —
846 2572 1030 2638 descenderet,
1055 2573 1097 2626 als
1126 2589 1186 2626 znm
1209 2573 1368 2628 ansaersten

786 2661 932 2730 schreiten,
950 2661 1009 2714 sich
1028 2661 1231 2727 entechliessen,
1251 2652 1285 2714 os.
1305 2661 1366 2713 vm·

786 2751 828 2800 78.
849 2753 872 2801 1.
894 2777 923 2786 -
945 2765 978 2801 ca
993 2764 1076 2816 paro,
1109 2753 1177 2814 qaae
1202 2749 1293 2802 minae
1314 2749 1368 2801 siti

784 2836 936 2902 confideret,
955 2835 1000 2890 die
1018 2837 1193 2891 schwdchere
1211 2837 1313 2890 Partei.
1333 2865 1367 2874 —

784 2924 847 2976 hate
875 2925 916 2976 rei
942 2924 1175 2992 praevertendum,
1203 2924 1261 2978 sich
1290 2925 1367 2978 einer

785 3011 874 3066 Saehe
892 3011 1079 3067 voruehmlich
1094 3011 1242 3066 anwendeu
1260 3029 1286 3064 u.
1298 3011 1366 3066 Vor-

783 3101 946 3168 lrehrungen
960 3099 1068 3168 treffen,
1087 3100 1122 3154 cf.
1136 3116 1160 3154 c.
1171 3105 1196 3154 7.
1210 3105 1226 3154 3
1239 3099 1366 3173 omnibus

784 3189 904 3243 consiliis
939 3189 1165 3243 antevertendum
1189 3188 1365 3242 existimavit.

819 3283 844 3330 2.
863 3276 897 3329 de
914 3277 976 3329 iare
993 3283 1043 3329 ant
1069 3277 1101 3329 de
1119 3277 1223 3351 lenibus
1242 3317 1249 3329 .
1269 3317 1275 3330 .
1295 3317 1302 3329 .
1322 3275 1366 3328 de·

782 3365 925 3430 minuisse,
948 3363 984 3418 cf.
1004 3380 1028 3418 o.
1047 3367 1090 3418 43.
1110 3367 1128 3416 4
1146 3378 1236 3430 neque
1261 3361 1366 3416 desua

784 3454 813 3506 in
836 3451 966 3505 Haeduos
991 3450 1181 3506 benevolentia
1205 3450 1365 3504 diminuere.
1415 3499 1447 3527 ,.

785 3569 816 3580 -
838 3555 905 3607 qnos
923 3540 995 3592 inter
1012 3538 1198 3604 controversia
1215 3543 1283 3591 emet
1302 3537 1365 3606 „dio

784 3627 952 3682 streitenden
961 3627 1115 3680 Parteien“.
1127 3625 1182 3699 Der
1194 3625 1366 3693 Konjunktiv

782 3716 848 3770 ltsst
868 3716 920 3770 den
937 3715 1031 3769 Inhalt
1054 3715 1104 3768 dee
1116 3714 1218 3785 ¹Satzes
1241 3713 1284 3767 als
1302 3715 1365 3768 eine

782 3803 914 3871 Meinung
933 3802 1035 3869 Casars
1054 3802 1223 3869 ersoheinen,
1242 3801 1286 3855 die
1304 3801 1364 3855 sich

782 3891 833 3943 auf
864 3890 909 3944 die
946 3889 1145 3957 emptangenen
1176 3878 1368 3944 Naohm‘chten·

782 3983 874 4032 stfitzt.
895 4007 925 4018 -
943 3970 1111 4045 'quoe-inter,
1130 3994 1166 4030 au
1184 3976 1363 4046 derStellnng

783 4065 831 4119 der
850 4066 965 4134 Pr'apos.
984 4065 1184 4133 (Anastrophe)
1202 4063 1237 4118 ci.
1253 4063 1298 4118 VI.
1318 4068 1362 4120 36.

147 4149 320 4217 carnibusque
337 4151 417 4204 rebus
430 4153 561 4217 ornasset,
580 4149 740 4210 befdrdern,
782 4156 799 4205 2
817 4168 885 4220 ques
903 4154 976 4209 inter
995 4161 1023 4206 et
1041 4160 1134 4207 caetra
1152 4153 1179 4206 b.
1197 4169 1220 4208 o,
1233 4152 1282 4207 111.
1302 4156 1328 4208 6.
1346 4157 1363 4208 3

104 4312 107 4318 Ι
147 4235 202 4288 und
221 4236 272 4290 auf
284 4237 404 4304 J'egliohe
424 4239 517 4293 Weise
536 4239 726 4321 auszeiehnen.
782 4240 855 4294 Saxa
874 4242 947 4296 inter
973 4247 1002 4295 et
1031 4239 1087 4294 alia
1105 4240 1181 4305 loca;
1209 4241 1242 4295 Ε.
1263 4240 1290 4296 S.
1311 4245 1363 4296 175
