2934 4750
557 235 658 289 Comm.
678 235 739 289 VII.
759 239 836 290 5-9.
908 286 912 294 ‚
1264 224 1301 283 11

90 395 127 440 re
150 377 295 442 nuntiata
318 375 436 442 Caesar
458 376 601 441 omnibus
618 377 755 442 consiliis
771 378 1033 442 antevertendum
1051 377 1250 456 existimavit,

90 487 128 545 ut
151 480 330 547 Narbonem
352 481 614 563 proficisceretur.
662 481 709 545 Eo
733 501 804 547 cum
827 468 981 562 venisset,
1007 483 1155 547 timentes
1178 499 1250 548 con·
1270 497 1287 546 4

89 586 206 666 firmat,
230 587 389 667 praesidia
411 588 442 650 in
467 587 600 652 Rutenis
631 587 885 669 provincialibus,
913 588 1019 653 Volcis
1047 587 1250 666 Arecomicia

89 690 293 760 Tolosatibus
330 692 510 772 circumque
542 692 734 772 Narbonem,
759 711 851 773 ¹quac
882 692 963 758 loca
985 691 1128 756 hostibus
1160 698 1252 757 erant

89 783 233 876 finitima,
258 797 431 876 constituit,
455 806 577 878 partem
608 798 770 878 copiarum
803 817 839 863 ex
866 798 1026 878 provincia
1054 796 1287 879 supplement

89 910 230 983 tumque,
252 903 336 984 quod
358 921 396 968 ex
418 902 511 967 Italia
534 903 720 984 adduxerat,
744 904 776 970 in
799 902 939 983 Helvios,
963 904 1016 984 qui
1040 889 1118 968 fines
1136 895 1251 968 Arver-

5 1078 14 1094 ‚
89 1026 202 1072 norum
227 1008 421 1088 contingunt,
447 1011 612 1074 convenire
634 1007 732 1075 iubet.

197 1112 231 1178 82⁴
273 1113 330 1177 His
345 1113 441 1178 rebus
457 1115 650 1195 comparatis
666 1131 814 1195 represso
830 1114 892 1178 iam
908 1114 1053 1178 Lucterio
1069 1120 1102 1177 et
1119 1119 1248 1192 remoto,
1271 1126 1283 1174 1
1324 1119 1338 1175 3

84 1219 176 1299 ,quod
197 1220 317 1309 intrare
340 1220 425 1284 intra
457 1220 617 1301 praesidia
648 1219 860 1301 periculosum
890 1221 1032 1300 putabat,
1067 1220 1099 1283 in
1123 1217 1260 1288 Helvios¹

88 1322 305 1405 proficiscitur.
351 1325 420 1389 Etsi
444 1343 533 1390 mons
557 1325 724 1403 Cevenna,
739 1323 793 1405 qui
818 1325 975 1388 Arvernos
991 1324 1031 1388 ab
1049 1323 1170 1388 Helviis
1187 1323 1249 1388 dis·
1269 1337 1287 1386 2

89 1428 197 1508 cludit,
222 1429 389 1494 durissimo
412 1435 556 1519 tempore
579 1430 654 1493 anni
677 1429 834 1495 altissima
855 1431 935 1494 uive-
959 1431 1020 1494 iter
1047 1429 1250 1510 impediebat,

87 1540 197 1598 tamen
220 1532 363 1600 discussa
386 1537 457 1598 nive
480 1553 536 1599 sex
559 1536 590 1598 in
619 1535 820 1600 altitudinem
849 1536 965 1616 pedum
993 1541 1090 1615 atque
1117 1536 1164 1598 ita
1193 1534 1251 1597 viis

88 1638 257 1719 patefactis
280 1657 402 1705 summo
427 1640 563 1704 militum
586 1640 696 1706 labore
718 1641 760 1705 ad
776 1640 854 1705 fines
872 1643 1083 1705 Arvernorum
1095 1639 1250 1721 pervenit.

88 1744 210 1820 Quibus
242 1746 401 1826 oppressis
432 1743 679 1826 inopinantibus
718 1747 803 1827 quod
838 1765 872 1810 se
912 1745 1058 1810 Cevenna
1093 1751 1129 1810 ut
1160 1737 1286 1810 muros
1313 1777 1317 1800 ι

37 1870 44 1882 ·
88 1851 228 1915 munitos
251 1851 483 1931 existimabant,
507 1869 545 1916 ac
568 1870 608 1916 ne
627 1852 785 1934 singulari
807 1852 934 1933 quidem
958 1848 1250 1932 umquam'homini

88 1974 127 2020 eo
151 1961 292 2037 tempore
315 1957 389 2020 anui
405 1957 537 2021 semitae
548 1963 730 2038 patuerant,
755 1957 915 2037 equitibus
927 1958 1073 2036 imperat,
1097 1961 1142 2034 ut,
1156 1974 1251 2037 quam

86 2061 243 2126 latissime
265 2062 396 2154 possint,
420 2067 574 2144 vagentur
596 2069 629 2127 et
644 2070 738 2144 quam
755 2064 923 2127 maximum
939 2062 1081 2134 hostibus
1098 2066 1250 2124 terrorem

87 2165 236 2240 inferant.
283 2165 436 2232 Celeriter
459 2167 537 2233 haec
559 2167 645 2232 fama
673 2187 711 2233 ac
742 2169 861 2232 nuntiis
889 2168 930 2232 ad
960 2166 1286 2247 Vercingetorigeme
1360 2220 1364 2229 ,

87 2271 303 2353 perferuntur3
327 2291 419 2353 quem
442 2273 604 2354 perterriti
628 2292 736 2338 omnes
753 2274 886 2338 Arverni
902 2274 1139 2347 circumsistunt
1154 2280 1250 2352 atque
1343 2263 1344 2266 ’

88 2380 269 2458 obsecrant,
294 2385 330 2443 ut
351 2380 418 2443 'suis
437 2378 575 2462 ,fortunis
599 2379 752 2459 consulat,
778 2399 838 2444 neu
862 2398 896 2444 se
919 2381 958 2444 ab
982 2379 1125 2444 hostibus
1157 2378 1250 2459 diripi

82 2485 240 2566 patiatur,
264 2484 452 2565 praesertim
475 2504 545 2549 cum
569 2486 677 2560 videat
692 2503 784 2549 omne
801 2486 841 2549 ad
852 2504 900 2553 ‚se
915 2485 1034 2550 bellurn
1050 2483 1249 2549 translatum.

87 2589 232 2666 Quorum
252 2590 306 2654 ille
329 2590 474 2672 precibus
497 2596 659 2672 permotus
682 2598 791 2656 castra
814 2610 852 2657 ex
875 2591 1070 2673 Biturigibus
1094 2595 1200 2654 movet
1217 2590 1249 2652 in
1269 2599 1285 2649 5
1312 2588 1316 2601 ⁴

88 2700 247 2760 Arvernos
270 2714 389 2762 versus.
467 2691 471 2697 ’
1022 2716 1027 2727 ·

195 2804 225 2874 9.
271 2803 314 2866 nt
336 2800 456 2865 Caesar
479 2801 608 2866 biduum
632 2802 665 2866 in
687 2802 737 2866 his
764 2803 842 2893 locis
872 2807 1021 2879 moretm,
1057 2799 1141 2880 quod
1171 2776 1284 2863 haeai

87 3005 122 3011 —
135 2973 294 3036 Narbonem
310 2976 480 3044 (Narbonae)
499 2976 670 3044 Hauptstadt
758 2980 783 3030 2.
812 2974 938 3039 adfines
957 2974 1145 3026 Aruernorum
1167 2972 1303 3039 peruenit.

86 3062 137 3116 der
147 3062 248 3116 Volcae
267 3062 423 3120 Arecomici
441 3065 469 3116 in
483 3063 532 3117 der
546 3064 668 3117 Provinz.
723 3065 762 3131 0,
782 3064 900 3118 welcher
913 3062 1007 3115 seinen
1017 3058 1087 3127 weg
1104 3061 1238 3115 zvvischen
1252 3060 1320 3113 den·

123 3154 150 3203 4.
177 3149 209 3202 a'a
233 3148 352 3204 Batanis
374 3151 606 3218 provincialibus,
634 3150 669 3207 ci.
723 3152 838 3221 Quellen
865 3150 913 3205 des
939 3148 1040 3203 Elaver
1065 3148 1119 3202 und
1147 3148 1194 3203 des
1220 3147 1303 3215 Liger

86 3254 110 3291 c.
130 3241 155 3291 5.
178 3241 201 3291 1.
227 3267 259 3276 -
289 3231 475 3305 Tolosatibus,
503 3238 670 3293 Eiuwohner
723 3241 814 3307 nahm,
834 3238 925 3305 wollte
945 3237 1030 3292 durch
1051 3238 1131 3291 einen
1151 3237 1255 3292 Einfall
1274 3238 1303 3291 in

87 3340 141 3377 von
170 3324 271 3379 Tolosa
298 3325 473 3395 (Toulouse)‚
498 3327 669 3395 Hauptstadt
722 3328 771 3383 das
792 3328 889 3382 Gebiet
908 3326 957 3380 der
969 3330 1108 3380 Arverner
1128 3325 1180 3379 den
1192 3326 1303 3401 Vercin-

88 3413 138 3467 der
158 3412 261 3467 Volcae
279 3413 457 3481 Tectosdgcs.
723 3417 834 3484 getor'ix
862 3431 914 3468 von
952 3414 1004 3468 den
1032 3414 1302 3480 Winterquartiereu

123 3504 149 3553 5.
176 3499 341 3567 ichloioa,
359 3501 668 3556 eiuVollrinderPro-
724 3504 773 3558 der
792 3504 930 3571 Legioneu
955 3502 1086 3556 abaiehen
1110 3500 1166 3555 und
1189 3516 1220 3555 su
1244 3516 1303 3555 ver·
1372 3498 1373 3501 ’

85 3588 165 3652 vinz,
193 3588 328 3643 avischen
356 3588 416 3643 dem
436 3588 585 3645 Rhodanus
613 3589 670 3643 uad
723 3592 848 3658 hindern,
868 3592 927 3645 dass
947 3591 988 3645 sie
1003 3606 1055 3644 von
1074 3588 1203 3643 einander
1221 3590 1303 3655 abge-

87 3676 149 3730 dem
168 3692 247 3730 mons
267 3676 404 3731 Cevenna.
723 3680 864 3735 schnitten
882 3679 1007 3733 wilrden..

141 3763 170 3817 8.
201 3769 223 3817 i.
246 3764 301 3832 His
323 3765 403 3818 rebus
430 3766 599 3831 comparatis
628 3761 668 3818 re·
758 3771 783 3822 4.
811 3768 870 3821 suis
886 3757 1016 3833 fortunis,
1035 3766 1078 3836 ihr
1090 3764 1152 3844 hlah
1165 3762 1220 3819 und
1239 3764 1303 3830 Gut,

81 3865 182 3919 presso
199 3850 256 3904 ιάιιι
274 3851 419 3917 Lucterio,
445 3852 494 3906 der
516 3860 589 3907 erate
607 3852 669 3907 Abl.
723 3855 757 3910 cf.
772 3855 818 3909 v1.
838 3857 881 3922 35,
900 3858 931 3923 93
950 3853 1050 3908 andere
1064 3853 1185 3919 dagegeu
1198 3867 1221 3905 e.
1233 3854 1300 3905 77.1

86 3940 146 3994 ahs.
166 3939 273 3993 enthtlt
290 3940 343 3994 den
362 3939 456 3994 Gruud
476 3939 524 3995 des
543 3941 668 4009 apciton,
722 3943 756 3997 de
774 3944 848 3998 exitu
868 3958 979 3998 suarum
996 3942 1177 4015 fortunarum.

86 4028 130 4081 ct
146 4027 182 4082 H.
204 4032 245 4082 ll.
265 4031 280 4082 5
304 4028 435 4082 exaudito
458 4029 579 4083 clamore
605 4044 668 4095 per·
757 4032 786 4086 9.
816 4037 839 4084 1.
859 4030 891 4084 de
914 4028 1137 4097 Verciapetoripc
1161 4041 1214 4079 aaa
1241 4042 1301 4079 oera-

86 4116 208 4172 turbatis
226 4116 383 4183 ordinibus,
412 4115 524 4170 thulich
547 4133 569 4171 e.
588 4119 632 4170 28.
653 4120 666 4168 1
722 4123 797 4185 tara,
817 4117 893 4187 ,dass
904 4133 933 4171 es
944 4118 972 4170 in
981 4114 1080 4171 betreff
1096 4115 1144 4169 des
1156 4114 1301 4180 Vercings·
1322 4135 1324 4140 ·

86 4206 231 4274 perterriti
250 4248 257 4260 .
274 4221 283 4259 ·.
303 4250 309 4262 .
329 4192 437 4259 deiecti.
454 4235 488 4243 —
500 4205 573 4259 irater
586 4219 668 4272 prac-
722 4207 798 4260 torix
818 4221 850 4260 so
876 4206 1003 4258 kommen
1022 4202 1158 4271 verde“;¹
1174 4217 1205 4256 so
1229 4202 1303 4256 steht
1408 4210 1410 4215 ·

85 4294 168 4360 sidia,
186 4293 222 4352 cf.
241 4310 264 4349 c.
284 4298 308 4347 7.
326 4297 352 4347 4.
450 4321 453 4326 ·
721 4293 815 4361 hdufig
841 4292 874 4347 de
898 4294 942 4348 bei
968 4292 1021 4347 den
1049 4290 1226 4345 husdrttckea
1254 4289 1302 4344 des
