2934 4750
534 236 635 291 Gomm.
655 236 715 290 VH.
737 241 847 292 18-20,
1258 231 1295 290 21

75 379 239 455 recusent,
262 393 405 441 summae
429 394 464 441 se
486 377 664 458 iniquitatis
677 379 890 453 condemnari
916 379 1039 461 debere,
1065 382 1246 450 nisieorum

46 569 49 572 ῃ
76 481 179 544 vitam
195 497 255 544 sua
270 480 373 545 salute
389 481 507 546 habeat
522 483 686 547 cariorem.
731 481 1116 571 Sicinilitesconsolatus
1132 487 1242 552 eodem
1263 492 1279 542 6
1393 493 1397 500 '

76 585 131 649 die
148 586 272 650 reducit
287 587 319 650 in
335 593 442 651 castra
458 587 653 681 reliquaque,
670 606 753 669 quae
768 589 809 654 ad
819 592 1090 671 oppugnationem
1106 593 1245 673 pertine·

77 692 160 755 bant
182 692 297 774 oppidi,
322 692 544 763 administrare
565 693 714 760 inst‘tuit.
766 737 768 740 -
1107 704 1110 709 ’

189 801 240 863 20.
280 798 528 880 Vercingetorix,
552 818 623 864 curn
648 799 690 864 ad
704 817 779 865 suos
796 800 940 881 redisset,
964 801 1152 882 proditionis
1167 793 1240 868 insi·
1258 811 1274 856 ‘1

77 901 233 980 molstus,
261 903 346 985 quod
379 910 486 969 castra
514 906 645 986 propius
680 906 838 970 Romanos
867 907 1025 985 movisset,
1060 909 1143 987 quod
1172 925 1243 973 curn
1313 925 1315 930 ’

9 1093 13 1098 .
76 1010 168 1072 omni
199 1009 343 1088 equitatu
375 1006 580 1087 discessisset,
614 1010 696 1089 quod
723 1011 796 1075 ¹sine
829 1011 960 1092 imperio
995 1018 1103 1077 tantas
1136 1013 1243 1095 copias
1298 1091 1299 1094 Ἴ
1379 1053 1381 1058 -
1427 1033 1430 1040 ’

77 1114 271 1195 reliquisset,
295 1115 379 1194 quod
403 1114 470 1178 eius
495 1114 635 1179 discessu
658 1114 792 1180 Romani
815 1122 908 1180 tanta
939 1119 1180 1200 opportunitate
1211 1125 1244 1183 et

79 1219 248 1284 celeritate
271 1221 442 1286 venissent:
466 1238 529 1285 non
552 1219 631 1286 haec
653 1215 768 1285 omnia
782 1220 911 1286 fortuito
936 1229 993 1286 aut
1020 1224 1088 1288 sine
1116 1223 1242 1299 consilio
1263 1234 1278 1281 2
1314 1255 1331 1312 χ

78 1325 227 1391 accidere
243 1326 404 1405 potuisse,
429 1343 560 1406 regnum
576 1325 665 1389 illum
681 1325 805 1391 Galliae
822 1326 915 1392 malle
932 1325 1077 1392 Caesaris
1093 1346 1243 1395 concessu

78 1449 176 1511 quarn
200 1414 346 1511 ipsorum⁴
362 1429 478 1495 habere
501 1429 650 1495 beneficio
676 1467 715 1478 -
740 1431 798 1496 tali
813 1432 906 1496 modo
923 1439 1093 1498 accusatus
1109 1434 1151 1498 ad
1166 1435 1244 1501 haec

80 1537 261 1617 respondit:
285 1536 378 1614 Quod
406 1542 513 1601 castra
540 1538 699 1616 movisset,
727 1535 848 1630 facturn
876 1539 981 1619 inopia
1009 1539 1118 1620 pabuli
1145 1541 1278 1605 etiams

80 1643 160 1722 ipsis
190 1641 413 1722 hortantibus;
440 1643 525 1723 quod
557 1643 686 1722 propius
715 1629 876 1708 Romanos
905 1646 1101 1722 accessisset,
1134 1663 1243 1726 persu-

81 1765 174 1812 asum
196 1749 258 1813 loci
280 1748 525 1829 opportunitate,
548 1749 602 1828 qui
625 1766 660 1812 se
683 1749 752 1828 ipse
768 1749 835 1840 sinc
851 1749 1026 1814 munitione
1041 1749 1242 1830 defenderet;
1300 1799 1304 1806 .

83 1855 226 1935 equitum
248 1871 323 1917 vero
347 1871 475 1935 operam
499 1871 601 1941 neque
624 1854 656 1917 in
672 1853 742 1918 loco
757 1853 894 1935 palustri
910 1853 1082 1930 desiderari
1097 1855 1244 1920 debuisse
1262 1865 1280 1912 4
1311 1851 1313 1856 ’

42 2037 48 2048 ¹
82 1965 116 2023 et
138 1959 203 2023 illie
223 1957 322 2023 fuisse
345 1959 471 2040 utilem,
489 1976 550 2039 quo
581 1960 645 2023 sint
673 1957 817 2040 protecti.
865 1957 1027 2024 Summam
1055 1961 1177 2042 imperii
1208 1967 1278 2026 se5

84 2058 228 2129 consulto
251 2064 330 2128 nulli
354 2064 568 2130 discedentem
592 2063 770 2144 tradidisse,
794 2083 834 2128 ne
856 2064 883 2128 is
907 2064 1118 2142 multitudinis
1141 2059 1248 2140 studio·

85 2172 125 2234 ad
149 2170 362 2259 dimicandum
385 2169 620 2251 impelleretur,
649 2170 700 2234 cui
723 2170 770 2233 rei
800 2173 929 2250 propter
957 2171 1053 2234 animi
1083 2163 1245 2237 mollitiem

84 2277 221 2371 studeret
237 2292 346 2340 omnes
368 2275 504 2353 videret,
528 2274 612 2367 quod
635 2274 754 2340 diutins
776 2274 917 2339 laborem
934 2273 1091 2344 lencnon
1108 2282 1245 2358 possent.
1391 2361 1392 2364 Ἴ

84 2382 220 2447 Romani
235 2382 262 2447 si
273 2381 351 2447 casu
366 2383 605 2460 intervenerint,
620 2380 776 2459 fortunae,
801 2382 828 2446 si
844 2381 976 2446 alicuius
992 2382 1107 2449 indicio
1130 2385 1245 2464 vocati,
1265 2388 1281 2437 6

85 2489 157 2552 huic
184 2471 364 2553 liabendem
392 2489 541 2569 gratian
570 2486 655 2567 quod
686 2494 720 2551 et
748 2488 946 2569 paucitatem·
969 2506 1075 2553 eorurn
1108 2508 1147 2553 ex
1174 2489 1244 2555 loco

84 2636 400 2674 ὠέῳ.
1048 2638 1058 2682 ,

120 2719 146 2769 6.
165 2713 277 2781 oppidi,
296 2713 363 2769 wird
383 2713 468 2768 durch
487 2713 666 2780 dieStellung
749 2706 780 2767 i.
799 2729 900 2780 oeque.
917 2754 922 2767 .
940 2756 945 2768 .
962 2720 1003 2780 et,
1023 2715 1299 2782 lrorrespondierend,

84 2803 237 2858 besonders
255 2802 487 2869 hervorgehoben.
720 2801 880 2868 ,einerseits
897 2800 1002 2855 nicht..
1013 2802 1199 2857 .andrerseits
1209 2803 1301 2872 aber“,

100 2879 168 2955 20,
190 2896 213 2945 1.
232 2889 430 2955 aduocato.
445 2892 487 2943 18.
508 2892 531 2942 l.
545 2886 666 2955 —puod
718 2888 753 2942 ct.
774 2904 796 2943 c.
815 2892 857 2943 26.
877 2894 902 2942 2.
923 2886 954 2928 ’-
974 2889 1006 2942 ia
1030 2888 1089 2943 ioco
1111 2890 1247 2958 palpari,
1272 2893 1300 2945 in

103 3022 109 3034 .
131 3022 138 3035 .
158 2979 232 3047 puori
318 2977 392 3045 prod
405 3018 411 3030 .
426 3018 432 3031 .
448 3018 455 3030 .
474 2976 556 3044 quod,
580 2974 665 3029 durch
719 2976 768 3031 der
788 2976 985 3044 Moorgegend,
1004 2976 1108 3031 welche
1128 2977 1180 3031 den
1198 2977 1300 3046 Leger-

83 3069 129 3122 die
152 3066 302 3134 Anaphora
323 3064 434 3119 werden·
460 3063 503 3117 die
525 3057 666 3122 einzelnen
720 3063 804 3131 hiigel
822 3063 930 3131 umgab,
950 3063 984 3118 cf.
1004 3080 1027 3119 c.
1049 3068 1091 3119 19.
1114 3070 1135 3119 l.
1254 3070 1281 3111 ἃ

85 3140 416 3222 Αηὶίαςοριιιιὶῑε,ιιιθὶιτ
435 3150 664 3219 herrorgehoben.
755 3156 780 3205 5.
799 3150 877 3217 nulli,
898 3150 927 3205 Ο.
946 3151 1107 3219 gebraucht,
1126 3153 1301 3229 abueichend

87 3274 121 3283 -
139 3244 200 3297 sine
216 3242 339 3310 imperio,
357 3240 429 3295 olrne
447 3241 526 3294 einen
544 3238 666 3293 Belehls·
719 3256 772 3294 ron
792 3239 896 3307 cicaro,
915 3240 984 3293 nulli
1003 3247 1075 3294 statt
1088 3242 1196 3309 nemini,
1216 3240 1251 3297 ci.
1264 3243 1301 3295 ΙΙ.

87 3333 173 3386 haber
191 3330 355 3385 bestialitas
367 3328 474 3382 huben·
486 3357 521 3367 -
540 3326 663 3380 eiusdis-
719 3331 745 3382 6.
765 3332 789 3382 3.
808 3358 841 3367 -
860 3328 946 3381 opimi
963 3327 1108 3394 mollitiem,
1127 3328 1177 3383 das
1196 3328 1301 3396 (legen-

86 3434 176 3484 cesau,
205 3417 243 3472 cs.·
264 3434 288 3471 e.
307 3420 331 3470 5.
355 3422 373 3469 2
395 3416 455 3470 eius
480 3414 608 3469 adventu.
633 3444 664 3453 -
719 3416 768 3471 teil
788 3415 836 3470 der
856 3419 951 3484 uirtus,
970 3415 1004 3470 ci.
1024 3431 1047 3470 c.
1066 3420 1108 3470 77.
1128 3419 1144 3470 ὅ
1162 3417 1246 3471 animi
1258 3426 1302 3471 est

87 3511 168 3559 loreto
194 3497 400 3572 opportunitate
424 3528 460 3547 =
482 3509 539 3557 tarn
566 3517 665 3569 oppor·
718 3505 775 3557 ista
793 3503 921 3569 mollitia,
949 3520 1003 3558 non
1031 3504 1142 3569 virtus,
1160 3505 1301 3573 paulisper

88 3582 154 3649 tuno
171 3594 241 3661 ipsis
258 3599 390 3660 tempore.
718 3592 840 3659 inopiam
859 3592 932 3645 ferre
950 3608 1005 3645 non
1023 3606 1113 3659 posse.

123 3685 147 3736 2.
167 3695 302 3746 concessu,
322 3680 375 3733 ubl.
394 3693 494 3733 caune
512 3679 563 3732 wie
575 3694 598 3731 e.
611 3682 665 3732 3.1
749 3682 781 3733 ,6.
800 3670 1012 3744 intervenerint,
1040 3678 1088 3735 der
1108 3678 1236 3733 Wechsel
1254 3680 1303 3735 der

89 3773 164 3825 iussu
190 3769 223 3823 V,
248 3772 290 3821 27.
316 3772 333 3821 3
352 3775 451 3821 coactu
474 3782 500 3819 u.
519 3781 546 3819 u.
564 3794 598 3815 .-
616 3764 668 3817 tali
721 3768 859 3836 Tempora
882 3767 911 3820 in
936 3766 986 3821 der
1012 3773 1082 3822 orat.
1107 3767 1160 3821 obl.
1182 3766 1220 3820 ist
1242 3766 1303 3822 hier

66 3849 168 3911 'inodo
200 3861 345 3909 crematus
385 3856 480 3909 nimmt
507 3854 579 3908 nach
616 3853 668 3908 den
723 3852 1303 3922 deshalbeingetreten,umdieBedinguug

90 3944 330 4001 Zwischensttzen
357 3943 407 3997 das
444 3942 670 4009 vorhergehende
723 3942 854 3997 nichtals
871 3942 965 4007 irreal,
984 3941 1154 3996 sondernals
1167 3942 1304 4009 potential
1368 3998 1371 4005 .

90 4034 255 4103 proditionis
274 4031 449 4085 insimulatos
467 4030 568 4085 wieder
584 4030 641 4085 aui.
723 4030 920 4098 hinzustellen,
949 4029 1050 4085 ebenso
1068 4029 1084 4098 ξ
1103 4034 1119 4083 7
1138 4029 1162 4083 si
1181 4071 1187 4083 .
1208 4070 1214 4082 .
1234 4070 1240 4082 .
1266 4031 1303 4081 vi·

125 4127 149 4177 3.
171 4120 251 4189 Quod
270 4119 394 4188 ,wenn“‚
409 4118 448 4173 ct.
468 4118 500 4173 Ε.
519 4118 545 4172 S.
564 4122 624 4174 247,
644 4123 669 4173 2.
723 4119 841 4173 deantur
860 4134 886 4171 u.
905 4133 928 4171 e.
949 4121 989 4171 74.
1011 4121 1024 4170 1
1045 4118 1067 4170 si
1086 4117 1126 4171 ita
1143 4114 1302 4170 accidat.-

90 4211 116 4266 S.
135 4211 179 4265 W.
205 4212 266 4264 293.
291 4213 317 4267 3.
342 4236 376 4247 -
397 4222 560 4273 porcorum
583 4230 618 4251 -=
642 4208 671 4260 id
723 4208 748 4259 oi
767 4204 896 4269 alicuius,
925 4205 960 4260 ci.
985 4204 1018 4259 Ε.
1044 4204 1070 4258 S.
1099 4208 1151 4257 210
1176 4207 1253 4257 Anni.
1281 4209 1305 4257 1.

92 4300 142 4354 sibi
160 4313 322 4367 persuasum
341 4314 411 4353 esse.
723 4296 750 4350 S.
770 4296 814 4349 W.
833 4297 893 4349 260.
913 4298 930 4347 2
948 4295 1012 4349 Zus.
1031 4299 1055 4347 2.
