2934 4750
174 191 217 254 54
646 196 689 256 De
705 199 779 257 hello
799 195 913 256 Gallico.

190 354 310 414 erunt.
334 332 469 412 Secutae
491 344 566 410 sunt
589 346 756 411 continuos
780 344 956 427 complures
979 343 1046 410 dies
1063 341 1281 427 tempestates,
1305 357 1385 427 quae

226 461 258 519 et
279 458 405 519 nostros
428 451 460 515 in
484 452 596 517 castris
617 451 816 516 continerent
831 456 863 514 et
878 449 1000 516 hostem
1017 468 1157 532 apugna
1172 450 1385 533 prohiberent.

192 560 356 626 olnterim
392 557 522 625 barbari
553 557 680 622 nuntios
710 557 743 622 in
775 575 883 622 ornnes
916 563 1022 638 partes
1058 557 1245 622 dimiserunt
1279 557 1388 640 pauci·

226 670 387 746 tatemque
417 668 600 729 nostrornm
630 664 766 728 militum
796 663 862 728 suis
891 663 1153 744 praedicaverunt
1187 668 1233 742 et,
1269 667 1390 744 quanta

226 772 364 856 praedae
394 769 556 836 faciendae
588 774 685 851 atque
714 770 748 833 in
778 773 966 851 perpetuum
994 769 1043 834 sui
1070 768 1225 834 liberandi
1255 767 1389 834 facultas

226 879 365 957 daretur,
388 877 416 941 si
438 877 597 941 Romanu
621 876 735 940 castris
758 874 961 957 expulissent,
979 875 1293 942 demonstraverunt.
1330 873 1390 939 His

227 984 322 1050 rebus
345 983 491 1048 celeriter
512 999 628 1063 magna
642 979 845 1046 mrdtitudine
861 981 1022 1062 peditatus
1038 981 1262 1062 equitatusque
1277 988 1392 1046 coacta

227 1091 269 1156 ad
292 1095 400 1156 castra
421 1090 585 1153 venerunt.
1043 1097 1046 1103 ’

195 1209 207 1257 r
318 1200 370 1261 35.
394 1193 514 1260 Caesar
536 1193 598 1258 etsi
619 1193 714 1273 idem,
738 1194 822 1275 quod
845 1193 1060 1276 superioribus
1084 1193 1195 1258 diebus
1219 1193 1390 1272 acciderat,

157 1295 164 1305 ’
227 1302 295 1368 iore
323 1299 461 1379 videbat,
494 1305 539 1379 ut,
571 1300 599 1364 si
622 1304 729 1365 esseut
757 1299 866 1366 hostes
894 1299 987 1382 pulsi,
1016 1299 1180 1366 celeritate
1213 1298 1391 1384 periculum

229 1406 413 1488 effugerent,
441 1412 548 1471 tannen
571 1411 683 1471 nactus
706 1407 830 1488 equites
853 1407 978 1472 circiter
1000 1406 1099 1487 XXX,
1128 1423 1207 1488 quos
1230 1405 1393 1472 Commius

230 1515 374 1593 Atrebas,
391 1513 429 1577 de
445 1530 508 1593 quo
523 1515 597 1577 ante
614 1512 733 1578 dictum
749 1518 807 1593 est,
823 1531 929 1579 secum
946 1517 1232 1595 transportaverat,
1249 1512 1392 1594 legiones

195 1621 262 1685 ain
290 1620 357 1685 acie
385 1636 441 1700 pro
472 1619 586 1683 castris
613 1618 789 1684 constituit.
835 1618 1010 1684 Commisso
1041 1619 1161 1701 proelio
1189 1618 1308 1684 diutius
1337 1636 1394 1682 no-

229 1730 367 1790 strorum
389 1725 524 1790 mihtum
545 1725 698 1806 impetum
721 1724 831 1792 hostes
853 1723 937 1792 ferre
961 1743 1022 1790 non
1046 1729 1277 1807 potueruntne
1300 1730 1394 1804 terga

194 1837 403 1898 averterunt.
438 1831 526 1909 Quos
548 1835 639 1898 tanto
661 1832 765 1914 spatio
788 1833 897 1912 secuti,
922 1837 1076 1914 quantum
1100 1849 1194 1896 cursu
1216 1835 1249 1896 et
1271 1829 1393 1895 viribus

230 1937 354 2005 efficere
376 1943 558 2020 potuerunt,
581 1937 760 2020 complures
783 1957 821 2004 ex
843 1939 882 2004 iis
898 1938 1091 2018 occiderant,
1116 1936 1230 2004 deinde
1246 1935 1393 2000 omnihus

230 2045 323 2132 longe
345 2043 471 2128 lateque
493 2043 644 2109 aedificiis
666 2045 802 2111 incensis
826 2063 860 2110 se
882 2045 914 2110 in
937 2049 1045 2111 castra
1066 2046 1265 2125 receperunt.

198 2162 210 2210 r
320 2155 370 2216 36.
406 2149 527 2215 lilodenr
559 2150 610 2215 die
631 2150 730 2233 legati
753 2152 794 2217 ab
816 2151 960 2218 hostibus
983 2151 1071 2216 missi
1094 2150 1135 2216 ad
1158 2147 1329 2214 Caesarem
1353 2147 1393 2212 de

195 2267 311 2338 apaee
332 2260 496 2321 venerunt.
533 2255 589 2321 His
613 2254 732 2322 Caesar
753 2275 920 2322 numerum
944 2255 1098 2336 obsidum,
1121 2272 1215 2337 quem
1237 2259 1313 2319 ante
1335 2255 1391 2318 irn-

231 2366 407 2445 peraverat,
431 2361 604 2445 duplicavit
627 2381 741 2445 eosque
765 2364 796 2428 in
821 2363 1032 2429 continentem
1054 2361 1169 2427 adduci
1183 2360 1285 2441 iussit,
1310 2358 1391 2443 qnod

231 2468 409 2551 propinqua
436 2468 487 2533 die
516 2468 706 2552 aequinoctii
728 2467 861 2535 infirmis
885 2469 1016 2535 navibus
1040 2468 1135 2534 hiemi
1159 2466 1393 2550 navigationem

214 2631 240 2683 4.
264 2642 383 2694 qaae..
402 2666 408 2678 .
427 2625 619 2681 continerent.
638 2667 644 2682 .
664 2667 671 2679 .
692 2643 758 2695 pro·
848 2632 871 2683 3.
895 2632 972 2681 tanto
990 2626 1106 2696 ιραιιῗο.
1129 2628 1317 2693 ..quantana
1353 2624 1397 2679 Da

179 2714 305 2769 diberent.
340 2713 398 2769 Der
421 2714 590 2769 Relativsatn
614 2716 692 2783 giebt
716 2716 760 2771 die
813 2716 873 2771 sich
886 2723 1018 2785 quantum
1031 2715 1107 2769 nicht
1118 2706 1264 2781 aulspatio
1277 2712 1396 2777 bezieht,

179 2803 341 2872 allgemeine
353 2802 575 2859 Beschaffenheit
594 2804 641 2859 des
653 2804 760 2860 vernui-
814 2820 845 2859 ιο
864 2805 924 2859 sind
943 2805 1003 2858 hier
1022 2805 1089 2859 zuei
1108 2802 1325 2871 ungleiclrartige
1345 2801 1396 2856 Be·

179 2892 322 2960 gehenden
341 2890 432 2946 Suhst.
450 2907 496 2959 an,
516 2891 603 2947 daher
615 2891 665 2947 der
678 2893 761 2962 Xonj.
813 2893 903 2963 griffo,
929 2891 979 2947 der
1004 2892 1099 2959 Reum,
1125 2890 1270 2946 innerhalb
1295 2890 1397 2945 descen

180 2980 215 3035 ci.
233 2998 268 3034 zu
286 2981 321 3033 11.
340 2982 383 3034 27.
403 2985 427 3035 1.
815 2982 855 3036 sie
878 2980 987 3048 fliehen,
1018 2980 1073 3035 und
1093 2978 1142 3036 das
1161 2979 1308 3051 physische
1329 2979 1396 3034 Ver-

216 3073 241 3123 t.
266 3068 498 3136 praedicaveram
528 3068 760 3138 „nachdrsrchlich
815 3074 914 3138 mdgen
927 3068 975 3123 der
989 3068 1120 3123 Soldaten
1133 3069 1298 3137 verglichan.
1320 3058 1397 3121 linn-

180 3157 396 3212 hervorheben“.
427 3186 457 3196 -
490 3156 544 3210 Hic
561 3158 650 3223 rebec,
673 3158 761 3212 durch
801 3147 872 3211 vlioh
897 3158 930 3211 ll.
956 3162 996 3212 11.
1022 3160 1045 3213 6.
1077 3188 1111 3197 -
1142 3173 1226 3211 aaran
1248 3162 1273 3211 et
1290 3157 1399 3211 uiribus

181 3245 226 3299 die
253 3245 430 3313 Erwahnung
460 3245 509 3299 der
536 3246 681 3301 Nachteile
712 3246 761 3301 der
816 3245 919 3315 „durch
948 3253 1160 3313 angestrengten
1190 3245 1291 3313 Incut‘,
1335 3246 1397 3299 eine

181 3334 282 3388 Reman
302 3334 357 3387 und
376 3334 452 3388 ihrer
471 3334 568 3403 eignen
586 3335 760 3391 dussichten.
816 3334 983 3403 Hendiadys.

165 3427 194 3451 ‘⁹
216 3422 263 3479 35.
302 3427 324 3475 1.
351 3422 540 3489 superioribas
565 3421 665 3476 diebna
701 3423 762 3477 Nur
808 3442 832 3463 -r
850 3422 904 3477 3ss
934 3426 958 3475 2.
985 3429 1049 3485 arcte
1075 3424 1108 3479 ci.
1133 3440 1155 3479 c.
1180 3424 1270 3495 aas.
1302 3452 1336 3460 -
1366 3421 1399 3473 in

182 3528 226 3566 am
244 3512 319 3578 Tage
346 3510 394 3564 der
413 3510 555 3577 Landung,
580 3510 613 3565 cf.
633 3527 657 3565 c.
675 3514 719 3565 26.
738 3514 763 3579 5,
815 3495 1091 3565 continentenfdnci.
1132 3512 1180 3565 Die
1200 3510 1326 3578 Stellung
1349 3510 1398 3563 der

182 3598 764 3666 warendieBritannierzurichgeschlagen
817 3597 928 3653 Geiseln
952 3601 1035 3653 nahm
1061 3600 1174 3668 lingere
1199 3598 1260 3653 Zeit
1288 3600 1316 3651 in
1341 3600 1409 3661 An,

182 3687 302 3743 worden.
322 3716 354 3726 -
373 3692 405 3740 nt
490 3686 645 3755 effnperent
665 3702 763 3754 epexe·
817 3688 937 3755 spruch‚
968 3688 1024 3743 und
1048 3688 1076 3742 u.
1102 3688 1203 3742 muiste
1228 3702 1322 3753 wegen
1349 3686 1393 3739 der

182 3776 322 3845 getischer
351 3774 424 3830 Satn.
453 3774 487 3829 ci.
515 3792 549 3828 au
574 3774 597 3827 1.
625 3778 648 3829 5.
678 3780 702 3829 1.
729 3805 764 3815 —
816 3775 1053 3830 hevorstehenden
1072 3775 1398 3843 Herbst·Nachtgleiche‚

182 3864 319 3919 celeritate
338 3864 441 3934 „durch
453 3863 576 3918 schnelle
588 3864 715 3918 Flucht“.
730 3893 763 3902 -
818 3862 921 3918 welche
934 3864 1034 3932 heitige
1045 3864 1156 3919 Stdrrne
1168 3865 1204 3917 inr
1215 3864 1330 3933 Gefolge
1340 3864 1398 3931 hat,

183 3958 248 4007 ante
266 3955 300 4007 cf.
320 3970 342 4008 c.
361 3958 406 4008 21.
425 3955 449 4007 7.
819 3952 1050 4007 seineRttchkehr
1061 3953 1132 4007 nach
1141 3951 1248 4008 Gallien
1259 3952 1399 4007 heschleu·

220 4046 243 4094 2.
261 4041 377 4108 diutins,
396 4039 491 4109 linger
509 4042 551 4097 als
570 4042 636 4096 ither
650 4040 701 4095 den
714 4040 765 4095 Be·
819 4042 907 4107 nigen.
933 4070 964 4081 -
987 4041 1148 4108 propinqua
1166 4039 1208 4093 die
1226 4040 1399 4108 aequinoctii,

184 4130 251 4197 ginn
264 4129 312 4183 des
324 4129 456 4198 Kampies
475 4130 629 4197 (commisso
648 4128 765 4197 proelio)
820 4128 923 4183 damals
942 4128 991 4183 der
1010 4132 1052 4182 24.
1073 4128 1148 4196 Sept.
1162 4158 1193 4169 —
1213 4128 1331 4195 infirmis
1349 4145 1400 4182 na-

185 4218 379 4274 hinaus.—-ac
392 4216 766 4286 teraarerterrmt„sondern
818 4216 909 4285 odas,
935 4217 988 4271 abl.
1014 4218 1070 4272 abs.
1108 4216 1159 4271 Die
1183 4215 1284 4271 Schiffe
1308 4232 1400 4272 waren

185 4304 303 4361 flohen“.
323 4304 358 4360 ei.
376 4322 411 4358 au
428 4304 479 4363 lll.
498 4306 538 4359 19.
556 4306 581 4358 3.
818 4320 870 4360 nur
893 4304 1048 4373 notddrftig
1066 4305 1262 4373 ausgehesren
1281 4305 1400 4362 worden.
