2934 4750
549 219 650 274 Gomm.
668 219 729 274 vn.
748 223 861 288 40-42.
1268 213 1303 270 41

90 364 217 439 quanto
240 377 291 427 res
314 360 345 423 in
369 360 511 442 periculo
535 359 639 438 luerit,
663 367 832 441 exponunt.
878 361 1014 427 Summis
1038 363 1135 444 copiis
1153 368 1259 428 castra

91 470 279 545 oppugnata
302 467 531 543 demonstrant,
555 485 626 530 cum
643 467 755 531 erebro
772 467 887 549 integri
904 466 1036 532 defessis
1052 469 1259 534 succederent

95 575 286 651 nostrosque
309 570 443 635 adsiduo
466 570 576 636 labore
600 559 823 653 defatigarent,
851 573 963 653 quibus
986 578 1117 654 propter
1138 575 1257 655 magni-

93 675 239 740 tudinem
263 684 438 740 castrorum
454 684 607 757 perpetuo
624 684 708 741 esset
730 678 832 742 isdem
849 679 881 741 in
896 677 980 742 vallo
1002 679 1257 760 permanendum.

97 779 301 844 Multitudine
333 782 522 860 sagittarum
552 789 648 862 atque
680 783 780 846 omnis
814 784 939 862 generis
970 783 1104 848 telomm
1142 785 1292 849 multosa

91 884 293 968 uulneratus3
326 887 367 950 ad
394 886 472 950 haec
499 887 685 951 sustinenda
712 906 828 968 magno
859 889 929 952 usui
957 887 1055 953 luisse
1087 895 1256 956 tormenta.

96 990 229 1054 Fabium
253 992 394 1056 discessu
416 1011 524 1056 eorum
549 993 672 1057 duabus
696 990 815 1058 relictis
830 995 931 1074 portis
948 994 1115 1059 obstruere
1133 1000 1257 1059 ceteras
1277 1006 1293 1056 4

94 1095 284 1178 pluteosque
312 1097 396 1162 vallo
424 1098 541 1162 addere
570 1103 603 1163 et
632 1117 666 1162 se
693 1099 727 1162 in
755 1103 916 1178 posterum
948 1098 1030 1164 diem
1061 1100 1258 1181 similemque

93 1219 206 1266 casum
239 1221 404 1284 apparare.
459 1202 516 1266 His
552 1205 645 1269 rebus
678 1205 814 1284 cognitis
847 1202 967 1269 Caesar
997 1223 1120 1269 summo
1153 1207 1293 1271 studius

94 1306 231 1373 militum
254 1316 329 1372 ante
354 1316 458 1373 ortum
481 1309 557 1374 solis
575 1310 613 1373 in
637 1316 743 1374 castra
765 1311 920 1390 pervenit.

201 1419 254 1480 42.
295 1416 377 1478 Dum
406 1414 484 1478 haee
514 1416 554 1479 ad
582 1415 773 1495 Gergoviam
802 1423 966 1497 geruntur,
998 1416 1124 1480 Haedui
1150 1417 1292 1497 primisr

94 1520 216 1584 nuntiis
247 1520 288 1583 ab
316 1520 477 1585 Litavicco
510 1522 649 1602 acceptis
683 1521 804 1585 nullum
838 1523 900 1586 sibi
935 1522 975 1585 ad
1007 1522 1258 1603 cognoscendum

94 1627 235 1705 spatium
258 1625 450 1706 relinquunt.
498 1626 636 1707 Impellit
660 1625 747 1692 alios'
764 1628 908 1709 avaritia,
932 1627 1012 1692 alios
1036 1628 1201 1693 iracundia
1225 1633 1258 1690 et
1277 1640 1293 1687 2

95 1733 270 1810 temeritas,
288 1750 370 1812 qnae
385 1733 520 1796 maxime
536 1732 581 1796 illi
597 1731 757 1796 hominum
775 1733 883 1814 generi
900 1740 949 1797 est
964 1733 1084 1812 innata,
1109 1740 1143 1796 ut
1158 1733 1258 1796 levem

94 1835 289 1900 auditionem
306 1836 445 1901 habeant
461 1856 518 1917 pro
534 1857 570 1902 re
587 1843 759 1918 comperta.
798 1838 899 1902 ‚Bona
916 1839 1029 1902 civium
1046 1837 1256 1901 Romanorum
1277 1850 1292 1898 3

97 1940 258 2021 diripiunt,
286 1941 399 2006 caedes
427 1940 557 2022 faciunt,
592 1943 625 2006 in
657 1943 843 2006 servitutem
873 1942 1072 2008 abstrahunt.
1121 1943 1293 2007 Adiuvat4

97 2065 164 2110 rem
188 2047 394 2127 proclinatum
417 2047 673 2113 Convictolitavis
697 2048 884 2130 plebemque
901 2049 943 2112 ad
959 2046 1099 2113 furorem
1114 2047 1257 2130 impellit,
1283 2110 1286 2119 ,

328 2223 413 2231 --q

96 2343 186 2399 Stadt.
207 2373 238 2382 -
259 2344 358 2413 quibua
377 2390 383 2403 .
403 2387 410 2399 .
430 2386 436 2398 .
455 2345 546 2413 iudeis,
573 2347 678 2413 Gegen·
732 2347 917 2414 tensuchung,
937 2345 973 2400 ob
993 2345 1034 2401 dic
1055 2345 1244 2401 Nachrichten
1264 2345 1311 2401 des

96 2438 157 2485 satz
175 2450 209 2485 zu
227 2433 329 2499 integri
355 2433 472 2487 defessis
491 2436 677 2489 succederent.
731 2435 888 2489 Litaviccus
908 2436 982 2489 walin
1000 2435 1070 2490 sind.
1084 2465 1117 2475 -
1131 2436 1261 2502 spatium,
1276 2434 1309 2489 ef.

133 2525 158 2574 3.
176 2526 320 2588 tormento,
339 2521 383 2574 die
401 2522 528 2588 grossern
547 2522 675 2589 Wurlge·
732 2540 755 2578 c.
775 2526 817 2577 48.
837 2528 861 2576 4.

95 2610 220 2674 scheme,
233 2610 403 2677 Katapulten
416 2610 473 2663 und
486 2606 627 2676 Ballisten,
641 2610 676 2665 ed
766 2616 793 2665 2.
818 2612 899 2665 levem
923 2611 1091 2673 auditionem
1115 2612 1232 2663 habeant
1260 2625 1312 2677 pro

95 2696 133 2749 IL
153 2699 178 2751 8.
196 2699 220 2750 4.
730 2716 760 2753 re
777 2704 922 2766 compertu,
942 2699 976 2753 ci.
996 2699 1042 2753 IV.
1063 2704 1091 2754 5.
1107 2704 1122 2753 3
1147 2715 1207 2753 cum
1226 2676 1312 2751 ince'r·

133 2788 159 2839 4.
177 2784 297 2837 discessu
313 2800 413 2852 eorum,
433 2786 504 2839 heim
517 2786 677 2854 Weggange
730 2788 765 2842 tir
789 2788 942 2841 rumoribus
961 2788 1089 2841 serviant.
1126 2788 1178 2839 Die
1204 2785 1312 2839 Leicht·

96 2872 676 2942 derFeinde.—relictc'a„o.ffengelassen“.
730 2875 903 2943 glaublgkeit
928 2874 975 2928 der
994 2874 1099 2928 Gallier
1122 2889 1177 2927 war
1197 2872 1312 2941 spriich·

96 2960 263 3027 -pluteos,
283 2960 317 3015 ci.
336 2977 358 3013 e.
378 2965 420 3019 25.
443 2966 465 3018 1.
563 2988 564 2991 “
730 2963 867 3030 wdrtlich,
885 2962 919 3015 ci.
939 2962 1059 3015 Martial.
1078 2962 1174 3029 Epigr.
1188 2961 1219 3014 V.
1241 2964 1313 3014 1.10

133 3052 157 3101 5,
174 3035 276 3100 summo
298 3048 391 3101 studio
414 3049 530 3102 militum
554 3090 561 3103 .
584 3092 591 3105 .
617 3092 623 3103 .
647 3051 678 3103 in
731 3059 760 3104 et
779 3050 900 3103 tumidus
921 3049 1000 3103 Galla
1019 3049 1183 3103 crudelitate
1202 3048 1286 3102 fruar.

94 3140 192 3189 eastra
206 3136 339 3202 peruenit.
377 3138 419 3190 Da
438 3136 467 3190 0.
487 3138 619 3205 ungeiahr
633 3155 677 3192 um
763 3136 1313 3203 3.cioiumRomunornm,dieromischen

96 3230 113 3277 2
139 3222 199 3277 Uhr
225 3238 352 3290 mergens
379 3224 513 3279 unlbrach
545 3226 600 3279 und
632 3227 679 3279 des
732 3224 1325 3292 Kauileute,vendeneuGallienrollwar,

95 3311 202 3365 andern
216 3311 305 3379 Tages
324 3328 374 3367 vor
388 3312 679 3386 Sonnenaut‘gangvor
733 3313 767 3367 cl.
788 3314 841 3368 Cic.
870 3330 921 3381 pro
948 3314 1066 3369 Fonteio
1093 3314 1123 3367 V.
1152 3318 1183 3368 ll
1209 3313 1314 3367 referta
1399 3322 1401 3336 ¹

96 3400 235 3467 Gergovia
258 3400 359 3454 wieder
383 3401 497 3467 eintral,
522 3402 581 3455 also
606 3402 680 3456 circa
735 3403 827 3455 Gallia
856 3404 1075 3470 negotiatorum,
1107 3403 1190 3469 plena
1216 3402 1312 3456 civium

96 3491 133 3542 26
153 3488 277 3544 Stunden
296 3504 357 3542 vom
375 3489 467 3557 Lagei
485 3488 546 3543 fern
564 3506 630 3554 war,
650 3505 680 3543 so
733 3491 930 3545 Romanorum.
945 3505 983 3529 ·-
996 3490 1028 3543 in
1039 3490 1193 3544 seruitutem
1206 3490 1313 3543 abstru-

59 3638 63 3643 ,
96 3576 169 3630 mula
195 3592 226 3629 er
253 3578 341 3631 50000
368 3592 467 3644 passus
494 3602 529 3621 =
557 3581 590 3631 75
618 3578 679 3632 Km.
736 3578 812 3643 hunt,
832 3579 859 3631 in
880 3579 927 3633 der
947 3579 1086 3632 lebhaften
1102 3578 1261 3645 Erzahlung
1279 3579 1315 3631 ist

96 3664 160 3733 (der
184 3664 235 3718 Ort
254 3665 301 3718 des
327 3665 604 3720 Z'usammeutreffens
633 3668 680 3719 mit
735 3666 784 3721 dus
804 3666 906 3735 Objekt
936 3668 1137 3735 weggelussen,
1166 3666 1200 3720 cf.
1225 3682 1247 3720 c.
1271 3669 1313 3719 38.

96 3755 152 3808 den
164 3753 400 3807 Aurstundisehen
412 3753 459 3821 lug
471 3755 542 3807 nach
560 3770 583 3807 c.
597 3756 678 3808 lul.
735 3759 769 3808 10
787 3763 937 3822 permovet.

96 3844 188 3895 25000
216 3857 290 3909 pass.
327 3859 379 3896 von
415 3842 551 3909 Gergovia
574 3842 621 3910 ab)
651 3843 679 3895 in
767 3847 793 3897 4.
813 3842 939 3897 Adiuvat
967 3842 1144 3911 ,beldrderm
1172 3841 1315 3896 beschleu·

96 3931 173 3984 circa
191 3935 226 3983 22
239 3930 278 3984 St.
297 3930 346 3984 mit
359 3931 410 3983 den
421 3931 553 3998 Truppen
566 3930 678 3983 zurlick·
733 3931 841 3996 nigen“.
861 3960 894 3969 -
913 3945 968 3983 rem
988 3930 1176 3996 proclinatum
1195 3950 1227 3975 ==
1248 3946 1313 3995 reru,

96 4018 192 4087 gelegt
211 4018 316 4087 haben;
342 4019 413 4072 wohl
432 4017 481 4073 der
503 4026 678 4086 angestreng·
733 4033 803 4085 quae
822 4019 850 4071 in
869 4018 1011 4072 interitum
1037 4018 1140 4084 vergit;
1166 4017 1235 4071 denn
1256 4033 1314 4070 rem

98 4112 171 4161 teste
190 4106 443 4160 Marscliwi'ahreud
465 4107 679 4173 dergellisehen
734 4106 893 4173 proclinare
921 4128 953 4149 =
982 4107 1045 4159 eine
1073 4106 1160 4159 Sache
1191 4108 1219 4159 in
1254 4106 1315 4159 eine

99 4193 247 4261 Feldziige.
735 4200 866 4248 normanis
885 4194 1013 4261 geneigte
1033 4194 1171 4262 Richtung
1189 4194 1314 4261 bringem

133 4281 180 4337 42.
219 4289 244 4337 1.
262 4282 301 4336 ad
317 4283 540 4351 eopuoseeadum,
560 4300 608 4337 zur
628 4282 683 4337 Un-
737 4298 768 4335 so
788 4282 848 4337 dals
868 4283 907 4337 sie
927 4282 997 4337 funt.
