2934 4750
559 229 660 285 Gomm.
681 230 741 284 VlI.
759 231 873 286 tto-63.
1282 221 1324 284 57

218 373 268 435 62.
308 369 414 434 Prima
437 371 507 435 luce
537 378 570 435 et
601 373 701 437 nostri
729 389 837 438 omnes
869 380 964 439 erant
991 377 1210 455 transportati,
1239 381 1305 440 etr

107 471 247 538 hostium
271 475 356 541 acies
380 476 579 544 cernebatur.
625 475 786 542 Labienus
801 478 916 544 milites
934 478 1124 559 cohortatus,
1143 485 1178 544 nt
1193 497 1271 545 suae
1289 492 1307 541 2

107 579 260 659 pristinae
282 581 410 645 virtutis
432 588 466 646 et
488 585 538 646 tot
560 582 856 648 secundissimorum
881 585 1071 663 proeliorum
1091 586 1291 657 retinerent·

109 686 292 768 memoriam
328 691 424 767 atque
447 685 550 768 ipsum
575 686 753 765 Caesarem,
793 689 882 753 cuius
917 689 1014 754 ductu
1045 708 1271 771 saepenumero

108 789 216 854 hostes
238 798 452 872 superassent,
476 797 673 874 praesentem
699 794 811 858 adesse
826 795 1052 872 existimarent,
1077 796 1133 862 dat
1148 797 1270 877 signum
1356 853 1360 862 .

108 895 230 975 proelii.
277 896 383 962 Primo
412 915 568 962 concursu
597 899 637 963 ab
666 898 776 963 dextro
807 917 913 979 cornu,
943 901 997 965 ubi
1025 901 1160 981 septima
1188 901 1306 983 legioo

107 1004 303 1082 constiterat,
338 1002 447 1068 hostes
474 1003 636 1084 pelluntur
669 1010 766 1085 atque
798 1005 829 1068 in
861 1004 967 1086 lugam
995 1007 1206 1087 coniciuntur;
1230 1007 1307 1074 aba

107 1106 247 1185 sinistro,
281 1126 374 1189 qoem
408 1109 511 1174 locum
546 1129 591 1174 xn
625 1109 707 1192 legio
742 1113 880 1194 tenebat,
917 1130 989 1177 cum
1024 1113 1116 1192 primi
1146 1113 1272 1178 ordines
1350 1177 1353 1181 .

108 1212 247 1277 hostiurn
284 1212 428 1279 transfixi
462 1214 533 1280 telis
569 1215 788 1296 concidissent,
824 1220 932 1282 tamen
968 1218 1122 1282 acerrime
1158 1217 1271 1298 reliqui

102 1318 311 1397 resistebant,
337 1339 395 1385 nec
419 1321 518 1385 dabat
539 1322 749 1402 suspicionem
772 1320 867 1403 fugae
891 1322 1067 1403 quisquam.
1115 1325 1186 1404 lpse
1210 1324 1306 1387 dune

108 1422 248 1490 hostium
273 1422 506 1506 Camulogenus
529 1427 597 1491 suis
619 1427 733 1492 aderat
756 1434 852 1508 atque
877 1446 929 1492 eos
953 1427 1190 1494 cohortabatur.
1231 1429 1305 1505 Ate

108 1530 229 1594 incerto
253 1532 349 1595 etiam
368 1550 455 1598 nnnc
477 1533 563 1596 exitu
579 1532 741 1611 victoriae,
766 1550 834 1597 cum
851 1534 1004 1613 septimae
1021 1533 1153 1615 legionis
1170 1534 1271 1598 tribu-

108 1635 158 1698 nis
181 1641 266 1700 esset
294 1638 484 1717 nuntiatum,
514 1655 596 1718 quae
626 1638 659 1702 in
693 1638 821 1704 sinistro
850 1656 947 1703 cornu
977 1644 1173 1720 gererentur,
1200 1644 1272 1721 post

108 1753 232 1821 tergum
255 1742 393 1807 hostium
416 1743 573 1825 legionem
597 1744 805 1808 ostenderant
827 1744 980 1826 signaque
1002 1745 1187 1810 intulerunt.
1223 1743 1271 1808 Ne
1291 1752 1306 1801 7

108 1864 147 1910 eo
170 1847 297 1928 quidem
314 1854 457 1930 tempore
473 1850 640 1930 qnisquam
656 1849 724 1915 loco
742 1850 846 1929 cessit,
871 1850 927 1914 sed
943 1850 1146 1915 circumventi
1163 1868 1271 1914 omnes

109 1940 437 2034 interfectique‘snnt.
485 1954 629 2020 Eandem
652 1954 814 2027 fortunam
837 1955 911 2020 tulit
941 1955 1184 2037 camelegenus.
1231 1957 1308 2020 Ata

108 2057 141 2136 ii,
165 2058 273 2138 quiin
303 2060 460 2140 praesidio
490 2066 602 2126 contra
631 2066 739 2125 castra
758 2060 908 2150 Labieni·
934 2066 1026 2124 erant
1057 2060 1170 2138 relicti,
1202 2079 1271 2126 cum

109 2163 264 2244 proelium
288 2165 486 2230 commissum
509 2165 684 2243 audissent,
708 2165 851 2230 subsidio
877 2166 1072 2234 saisierunt
1100 2166 1280 2247 collemque¹

109 2276 263 2349 ceperunt
286 2288 387 2351 neque
410 2276 593 2336 nostrorum
616 2270 751 2336 militum
775 2272 934 2337 victorum
950 2273 1100 2352 impetum
1117 2273 1273 2338 sustinere

109 2383 292 2456 potuerunt.
339 2376 392 2441 Sic
416 2395 486 2441 cum
509 2378 575 2442 suis
598 2376 793 2458 fngientibus
816 2378 972 2460 permixti,
998 2397 1075 2459 quos
1092 2396 1154 2444 non
1176 2378 1308 2443 silvae9

77 2515 81 2524 ·
110 2486 297 2561 montesque
321 2488 478 2562 texerunt,
504 2482 544 2546 ab
568 2485 711 2564 equitatu
735 2491 810 2548 sunt
832 2482 1000 2550 interfecti.
1047 2483 1116 2549 Hoc
1146 2485 1272 2565 negotio
1294 2489 1327 2540 1⁰

110 2571 253 2653 coniecto
269 2586 429 2653 Labienus
445 2589 615 2653 revertitur
631 2589 837 2670 Agedincum,
861 2590 915 2653 ubi
931 2590 1156 2671 impedimenta
1173 2590 1271 2655 totins

109 2694 266 2758 exercitus
298 2678 410 2758 relicta
438 2699 548 2772 er·aut;
578 2694 652 2758 inde
683 2693 733 2759 die
761 2712 797 2758 111
829 2712 899 2759 cum
929 2695 1073 2759 omnibus
1105 2696 1203 2776 copiis
1233 2694 1274 2758 od

109 2796 279 2863 Caesarem
301 2798 455 2879 pervenit.

218 2907 269 2970 63.
308 2903 491 2969 Defectione
515 2904 717 2969 Haeduorum
742 2904 869 2985 cognita
885 2902 1002 2967 bellum
1020 2908 1166 2985 augetur.
1198 2902 1272 2967 Le·
1297 2915 1310 2962 1

144 3060 192 3115 62.
231 3065 255 3113 1.
273 3061 362 3113 nostri
374 3067 474 3125 omnes,
490 3060 533 3113 die
545 3060 602 3113 drei
615 3060 694 3127 Legi·
748 3062 790 3113 61.
810 3064 834 3115 ὁ.
855 3090 885 3098 -
907 3058 1048 3127 collemque
1071 3065 1214 3126 ceperant,
1240 3060 1328 3114 wahr-

108 3164 192 3216 onen,
220 3149 270 3201 mit
295 3148 414 3203 walchen
432 3148 569 3202 Labienus
595 3155 693 3203 strom·
747 3148 896 3201 scheinlich
916 3147 967 3200 den
985 3147 1074 3214 Hdgel
1094 3163 1143 3201 ron
1164 3148 1327 3215 Vangirard.

108 3237 229 3291 abwirts
247 3252 365 3303 gezogen
384 3252 449 3302 war,
468 3236 502 3290 cf.
522 3239 564 3289 60.
583 3240 608 3289 4.
746 3265 780 3275 -
798 3251 893 3303 aeque,
912 3234 946 3289 ci.
966 3251 988 3289 c.
1007 3238 1050 3289 45.
1069 3238 1094 3288 4.
1311 3289 1314 3295 ,

145 3330 171 3379 2,
196 3330 367 3392 procreatam
402 3324 496 3378 adesse
533 3348 569 3367 =
598 3340 713 3379 coram.
781 3328 807 3379 9.
827 3338 895 3390 qaor
913 3339 970 3375 noa
989 3323 1237 3390 silouenmoatesque
1256 3329 1327 3377 terre·

108 3414 217 3479 adesse,
236 3412 269 3466 cl.
282 3412 305 3466 Ι.
318 3416 362 3467 32.
375 3416 402 3475 4;
422 3429 455 3466 zu
469 3410 529 3466 dem
541 3410 698 3467 Gedanken'
743 3418 810 3465 ruat
823 3436 857 3455 =
870 3420 1063 3479 praeterquam
1077 3426 1145 3478 quos
1165 3412 1248 3468 silvae
1267 3452 1273 3463 .
1293 3454 1299 3466 .
1321 3454 1326 3465 .

108 3502 197 3555 selbot
216 3502 300 3568 vergi.
320 3501 366 3555 VI.
384 3503 411 3554 8.
428 3504 454 3553 4.
744 3507 884 3553 texerunt.
1333 3557 1343 3579 ⁰
1401 3492 1404 3497 ’

146 3592 170 3643 ὅ.
190 3588 302 3655 aderat,
325 3589 375 3642 mit
394 3589 450 3643 ilat
472 3589 526 3641 und
545 3588 617 3641 Tbat
643 3602 691 3640 zur
782 3592 823 3643 10.
842 3588 880 3641 ud
899 3586 1053 3651 Gaesarem,
1079 3585 1123 3640 die
1141 3586 1328 3654 vereinigung

109 3678 183 3731 Seite
200 3678 304 3732 steheu.
745 3675 810 3730 land
832 3675 1063 3731 wahrsoheinlicb
1086 3675 1130 3729 bei
1154 3675 1254 3743 Joigny
1281 3691 1328 3728 sur

137 3765 282 3819 ·6.iacerto
294 3806 300 3819 .
311 3806 317 3819 .
328 3764 417 3819 ‚accita
426 3765 564 3829 victoriae,
573 3764 624 3817 aui
631 3764 691 3818 dem
745 3764 842 3817 Yonue
861 3771 937 3817 statt.

109 3843 205 3907 linlren
223 3853 329 3920 Fldgel,
348 3852 418 3906 deon
439 3850 489 3906 aui
505 3852 566 3905 dem
578 3851 692 3906 rechten

109 3942 206 3995 hatten
229 3941 272 3995 die
297 3941 399 3994 nomer
423 3940 508 3994 sehon
526 3940 639 4007 gesiegt.
660 3969 691 3977 -
894 3974 897 3979 -
922 3923 999 4005 Kap.
1022 3922 1147 3989 63-65,

107 4028 192 4082 etiam
200 4042 282 4092 earm,
291 4027 319 4081 in
330 4028 379 4081 der
388 4026 526 4081 lebbalten
536 4025 695 4093 Erzlthlung
748 4026 828 4090 Neue
847 4026 1018 4091 Rllstnngen
1036 4026 1090 4079 ani
1104 4024 1207 4081 beiden
1219 4023 1328 4082 Seitcn.

109 4123 179 4170 stutt
197 4115 246 4170 des
265 4114 472 4183 gewobnlichen
491 4114 570 4169 etiam
589 4121 655 4170 tum.
782 4114 829 4170 tt.
868 4120 889 4168 1.
927 4118 1043 4182 uagetur
1073 4114 1185 4182 „nimmt
1208 4113 1329 4180 grossere

146 4206 172 4258 8.
196 4204 226 4255 ia
252 4202 411 4271 praesidia,
438 4201 489 4256 aui
514 4203 574 4256 dem
601 4202 693 4276 lioken
749 4202 1011 4257 Verbaltnissean“.
1025 4230 1058 4241 -
1072 4199 1329 4267 circummittaatar,
1414 4244 1417 4255 .

110 4290 285 4358 Seius-Uien,
303 4290 413 4345 Lutetia
430 4292 595 4358 gegeuober,
615 4290 656 4345 off
670 4307 693 4346 c.
747 4306 800 4344 von
819 4290 872 4344 den
891 4289 1029 4345 thuern.
1186 4290 1188 4294 '
