2934 4750
540 219 642 273 Comm.
662 180 722 273 VH.
746 193 857 274 11-14'.
1071 279 1077 294 ·
1262 211 1298 269 15

84 379 158 427 cum
181 361 305 442 reliqua
328 360 637 440 administrarentur,
661 361 897 437 centurionibus
921 369 953 426 et
968 362 1078 444 paucis
1094 362 1248 428 militibus

83 466 287 546 intromissis,
304 467 363 548 qui·
373 485 464 531 arma
475 467 680 547 iumentaque
690 467 922 548 conquirerent,
939 467 1101 549 equitatus
1110 467 1247 533 hostium

79 571 197 653 procul
220 571 307 637 risus
329 578 388 650 est,
406 572 460 653 qui
475 589 591 652 agmen
608 571 879 652 Vercingetorigis
895 577 1121 638 antecesserat.
1145 573 1246 651 Quem
1265 586 1281 636 5

83 678 280 758 simulatque
304 662 456 759 oppidani
478 683 706 758 conspexerunt
729 686 827 757 atque
849 677 881 741 in
905 695 994 758 spem
1018 677 1125 742 auxilii
1152 695 1247 742 vene-

84 790 170 860 runt,
200 783 339 846 clumore
364 781 493 847 sublato
522 800 613 846 arma
642 799 765 863 capere,
796 787 907 872 portas
935 782 1094 860 claudere,
1122 801 1247 847 murum

85 887 244 969 complere
267 892 447 968 coeperunt.
495 885 704 951 Centuriones
726 887 759 950 in
783 887 907 967 oppido,
933 905 1005 952 cum
1029 906 1066 952 ex
1089 885 1282 970 significa-e

84 993 173 1057 tione
197 991 362 1057 Gallorum
384 993 457 1057 nori
480 992 600 1073 aliquid
624 993 726 1057 abiis
755 992 827 1056 iniri
855 992 977 1058 consilii
1005 993 1245 1073 intellexissent,

84 1097 202 1179 gladiis
225 1097 383 1185 destrictis
408 1103 517 1180 portas
539 1105 776 1180 occupaverunt
797 1116 935 1179 suosque
949 1115 1057 1163 omnes
1074 1097 1247 1164 incolumes

84 1207 283 1284 receperunt.
395 1256 397 1259 .

195 1312 245 1374 13.
283 1307 403 1373 Caesar
424 1327 464 1373 ex
495 1309 608 1374 castris
639 1309 816 1389 equitatum
844 1308 933 1373 educi
961 1309 1058 1386 iubet,
1087 1308 1246 1389 proelium
1269 1325 1280 1372 1

85 1418 233 1494 equestre
262 1414 442 1499 committit3
475 1413 691 1506 laborantibus
723 1415 786 1478 ium
820 1414 886 1479 suis
916 1415 1092 1480 Germanos
1125 1415 1247 1496 equites

84 1518 213 1583 circiter
235 1537 304 1583 cccc
326 1519 495 1598 submittit,
519 1537 598 1600 quos
620 1520 662 1584 ab
684 1519 774 1584 initio
797 1537 903 1584 secum
919 1519 1037 1584 habere
1052 1521 1246 1585 instituerat.

84 1622 206 1688 Eorum
227 1625 388 1705 impetum*
403 1623 489 1689 Galli
511 1623 668 1690 sustinere
690 1643 754 1689 non
769 1629 941 1706 potnerunt
967 1631 1069 1705 atque·
1087 1625 1119 1688 in
1140 1623 1283 1705 iugama

85 1729 219 1795 coniecti
242 1729 350 1794 multis
373 1731 498 1795 amissis
519 1748 553 1795 se
575 1730 616 1794 ud
640 1748 754 1809 agmen
777 1736 974 1811 receperunt.
1022 1729 1142 1807 Quibus
1173 1749 1247 1812 pro·

84 1834 203 1914 fligatis
234 1853 344 1900 rursus
375 1835 525 1919 oppidani
552 1836 714 1917 perterriti
749 1835 990 1917 comprehensos
1018 1821 1080 1914 eeu,
1113 1853 1246 1915 quorum

84 1958 184 2022 opera
206 1939 329 2022 plebem
353 1942 544 2006 concitatam
569 1942 804 2020 existimabant,
834 1942 874 2005 ad
897 1926 1067 2006 Caesarem
1091 1931 1246 2021 perduxe-

26 2056 29 2060 ’
84 2050 163 2125 runt
185 2062 320 2127 seseque
342 2046 372 2110 ei
395 2046 595 2113 dediderunt.
640 2046 762 2124 Quibus
786 2047 881 2110 rebus
904 2045 1055 2112 coniectis
1071 2041 1190 2110 Caesar
1205 2046 1246 2111 ad
1265 2062 1281 2110 3

86 2150 239 2233 oppidum
264 2151 442 2231 Avaricum,
471 2153 555 2233 quod
583 2158 653 2216 erat
681 2153 851 2216 maximnm
879 2151 1185 2232 munitissimumque
1214 2152 1247 2214 in
1290 2187 1295 2203 .

84 2255 202 2320 finibus
226 2243 406 2338 Biturigum
429 2264 525 2337 atque
548 2257 616 2336 agri
640 2255 835 2321 fertilissimo
852 2257 988 2337 regione,
1012 2255 1172 2338 profectus
1189 2261 1245 2336 est,

86 2362 172 2443 quod
194 2380 232 2426 eo
255 2361 372 2443 oppido
395 2368 522 2443 recepto
547 2363 707 2427 civilatem
732 2362 909 2446 Biturigum
933 2382 967 2427 se
994 2362 1027 2427 in
1055 2365 1246 2444 potestatem

84 2468 289 2533 reducturum
313 2466 498 2533 confidebat.

197 2573 245 2639 14.
287 2572 526 2654 Vercingetorix
548 2577 597 2637 tot
612 2574 768 2638 continuis
786 2574 989 2639 incommodis
1007 2574 1245 2653 Vellaunoduni,
1267 2590 1278 2637 1

86 2677 217 2757 Cenabi,
240 2678 417 2744 Novioduni
440 2680 579 2760 acceptis
601 2696 676 2743 suos
698 2679 739 2743 sd
762 2680 928 2744 concilium
953 2686 1113 2746 convocat.
1146 2680 1281 2745 Docet2

84 2786 182 2865 longe
203 2784 266 2849 alia
288 2785 411 2849 ratione
435 2802 504 2848 esse
526 2783 643 2849 bellum
667 2784 850 2865 gerendum,
875 2793 971 2866 atque
995 2791 1090 2849 antea
1122 2768 1245 2867 gestum

85 2890 143 2954 sit:
169 2889 313 2954 omnibns
336 2889 437 2954 modis
460 2890 532 2953 huie
548 2890 593 2953 rei
615 2890 818 2970 studendum,
842 2895 877 2953 ut
894 2889 1097 2970 pabulatione
1113 2898 1145 2955 et
1163 2909 1245 2955 com-

87 3001 198 3059 meatu
221 2994 354 3058 Romani
377 2993 612 3074 prohibeantur.
658 2994 695 3059 ld
717 3012 787 3059 esse
803 2993 904 3072 facile,
928 2993 1012 3074 quod
1029 2996 1171 3075 equitatu
1186 2996 1247 3077 ipsi
1266 3010 1281 3057 3

122 3222 149 3275 6.
169 3220 345 3275 Centuriones
356 3221 387 3273 in
399 3220 508 3288 oppido,
527 3237 562 3274 zu
575 3220 665 3275 dieser
720 3214 841 3275 Reiterei
869 3220 969 3274 Cissis
997 3220 1115 3274 bestand
1148 3222 1223 3277 nicht
1250 3240 1301 3276 nur

87 3309 265 3376 Verbinduug
312 3308 552 3377 prepositioneller
597 3312 666 3363 Aus-
719 3308 1300 3378 ausgullischsnAuxiliartruppen,welcbe

86 3396 190 3450 drdclre
213 3397 262 3450 mit
290 3398 377 3451 einem
401 3397 493 3454 Subst.
512 3396 547 3453 ci.
570 3413 594 3451 c.
624 3400 666 3451 st.
703 3395 758 3452 ,im
777 3396 880 3450 Herbst
893 3395 1030 3461 eutlussen
1043 3396 1100 3449 und
1112 3397 1148 3449 im
1158 3396 1300 3465 Frdbjahr

86 3489 112 3539 5.
126 3486 324 3539 omnis...ex
342 3484 443 3539 cestris
462 3482 610 3539 multitudo
622 3483 667 3536 Vl.
721 3482 822 3536 wieder
860 3483 1024 3549 eingezogeu
1066 3484 1178 3537 wurden
1219 3485 1301 3552 (elwa

87 3575 131 3627 37.
148 3577 165 3627 3
183 3572 283 3626 cohors
304 3572 334 3625 in
350 3573 470 3626 statione
492 3588 518 3629 u.
536 3588 561 3629 a.
580 3588 615 3629 m.
634 3602 668 3611 -
721 3573 792 3624 4000
811 3571 920 3639 Maon),
944 3570 1063 3626 sondern
1081 3571 1110 3627 C.
1136 3572 1213 3627 butte
1230 3573 1301 3626 auch

87 3676 123 3713 ec
139 3659 346 3727 significatione,
365 3659 409 3713 die
422 3659 687 3727 Kundgebungge··
720 3672 770 3712 aus
798 3659 962 3737 Germanico
990 3659 1046 3713 und
1070 3659 1189 3727 Spanien
1216 3674 1299 3727 ange·

87 3747 175 3801 scbalr
198 3747 285 3802 durch
311 3748 361 3801 dus
380 3748 509 3802 Gobares
534 3749 582 3803 der
600 3749 666 3802 mn-
720 3739 847 3800 worbene
874 3747 986 3813 Reiter,
1011 3747 1046 3802 ci.
1065 3764 1088 3805 c.
1106 3750 1141 3802 70
1159 3764 1186 3802 u.
1204 3750 1246 3805 80.
1267 3778 1300 3786 -

86 3835 209 3890 wohner.
228 3866 262 3875 -
281 3851 395 3903 suosque
414 3852 503 3889 omnes
521 3836 667 3890 incolentes
720 3834 755 3887 ab
774 3834 863 3899 initio,
881 3850 934 3888 ron
953 3826 1127 3903 Anfung'an,
1146 3835 1171 3889 d.
1190 3835 1216 3889 h.
1236 3837 1301 3889 seit·

86 3928 257 3990 receperam,
283 3924 327 3978 die
347 3924 533 3979 Centurionen
556 3925 665 3978 fdhrten
721 3921 781 3975 dem
800 3937 830 3976 er
849 3923 889 3976 sie
907 3922 1053 3989 gaworben
1065 3923 1151 3980 hatte.
1170 3952 1204 3962 -
1222 3922 1301 3976 insti·

87 4010 142 4065 alle
167 4011 278 4079 Ibrigen
301 4011 373 4066 db.
397 4012 441 4067 die
459 4013 581 4080 wenigen
606 4011 665 4067 Sol·
720 4008 814 4063 tuerat
841 4034 876 4055 π
905 4001 1092 4075 consueverat,
1111 4010 1146 4064 ci.
1167 4010 1211 4063 VI.
1231 4013 1255 4064 3.
1274 4013 1314 4063 4.

88 4099 180 4166 datan,
198 4098 365 4153 welchemit
382 4099 466 4153 ihnen
484 4100 512 4153 in
530 4099 666 4154 dieStudt
757 4101 782 4151 0.
801 4098 952 4151 Auaricum
978 4099 1141 4167 (Bourges),
1169 4099 1197 4151 in
1225 4098 1301 4151 einer

88 4187 689 4254 geschicktrruremunverselrrtiusLager..
722 4183 875 4253 sumpfigen
907 4186 1019 4254 Gegend
1054 4202 1089 4239 an
1126 4185 1175 4240 der
1209 4185 1301 4239 Arica

123 4274 165 4330 13.
196 4280 219 4329 1.
258 4273 410 4327 Germanos
448 4274 557 4341 equites.
618 4274 668 4328 Die
722 4274 832 4347 (lldvre)
851 4272 975 4342 gelegen.
1005 4339 1007 4343 .
