2934 4750
167 194 208 252 48
641 203 681 257 De
700 202 772 258 bello
792 202 905 256 (lallico.

187 346 425 425 cpruestitcro.
449 345 519 410 Hoc
542 363 612 409 cum
635 363 712 410 voce
735 363 852 426 magna
875 344 1014 423 dixisset,
1039 361 1073 408 se
1097 363 1135 408 ex
1157 345 1228 408 navi
1257 343 1404 424 proiecit

185 457 316 532 satque
343 452 377 516 in
406 450 514 516 hostes
545 450 684 532 aquilam
711 449 795 516 terre
829 451 942 532 coepit.
988 449 1068 513 Turn
1096 449 1196 514 nostri
1228 447 1402 512 cohortati

219 556 303 621 inter
331 575 375 634 se,
406 575 446 622 ne
477 561 602 622 tantum
634 556 774 621 dedecus
805 557 1038 633 admitteretur,
1072 555 1210 620 universi
1248 572 1292 618 ex
1325 553 1402 618 navi

185 672 201 721 s
221 660 425 729 desiluerunt.
460 661 529 727 Hos
551 663 628 754 item
652 681 690 727 aa
714 662 863 743 proximis
887 663 1020 727 navibus
1044 680 1114 727 curn
1138 661 1403 742 conspexissent,

220 768 381 832 subsecuti
403 768 547 833 hostibus
569 769 872 850 appropinquarunt.
909 807 912 815 «

187 887 201 933 1
311 878 361 938 26.
386 873 566 955 Pugnatum
589 880 640 938 est
662 875 703 938 ab
718 873 861 955 utrisque
878 875 1004 940 acriter.
1036 872 1144 938 Nostri
1160 877 1285 951 tamen,
1312 870 1404 952 quod

221 995 322 1060 neque
344 980 472 1046 ordines
495 998 624 1045 servare
646 998 749 1060 neque
772 977 903 1044 firmiter
925 980 1072 1044 insistere
1088 996 1189 1060 neque
1205 979 1306 1060 signa
1324 977 1402 1042 sub-

221 1085 309 1165 sequi
338 1090 496 1166 poterant,
529 1094 627 1168 atque
655 1086 736 1151 alius
760 1085 824 1150 alia
847 1104 885 1168 ex
908 1087 990 1163 nari,
1015 1075 1270 1167 quibuscumque
1295 1082 1405 1164 signis

187 1195 414 1267 aoccurrerat,
444 1209 478 1256 se
502 1192 709 1272 aggregabat,
741 1209 935 1273 magnopere
957 1191 1247 1273 perturbabantur;
1285 1189 1401 1254 hostes

221 1313 307 1373 vero,
335 1296 420 1360 notis
446 1297 591 1361 omnibus
615 1298 714 1375 vanis,
747 1297 800 1362 ubi
824 1316 861 1363 ex
884 1297 978 1361 litore
1001 1296 1124 1378 aliquos
1147 1295 1339 1376 singulares
1364 1313 1402 1358 ex

188 1400 295 1463 snavi
318 1400 517 1481 egredientes
540 1410 778 1484 conspexerant,
803 1403 943 1467 incitatis
966 1404 1054 1484 equis
1077 1401 1246 1483 impeditos
1266 1401 1401 1466 adorie-

223 1505 348 1584 bantur,
372 1505 479 1588 plures
502 1526 620 1588 paucos
645 1509 929 1588 circumsistebant,
953 1508 1009 1574 alii
1031 1511 1071 1573 ab
1094 1507 1195 1572 latere
1219 1513 1342 1588 aperto
1366 1506 1399 1569 in

188 1611 386 1678 anniveraos
409 1614 474 1678 tela
497 1616 704 1681 coniciebant.
751 1614 843 1692 Quod
867 1633 936 1680 curn
960 1614 1235 1680 animadvertisset
1259 1611 1400 1688 Caesar,

223 1716 357 1797 scaphas
387 1717 553 1802 longarum
578 1721 716 1801 navium,
748 1722 826 1786 item
849 1721 1064 1803 speculatoria
1085 1719 1212 1800 nangis
1236 1717 1400 1784 militibus

223 1823 374 1907 compleri
401 1826 494 1894 iussit
523 1833 565 1906 et,
596 1845 675 1909 qnos
706 1827 904 1892 laborantes
920 1832 1137 1909 conspexerat,
1168 1825 1219 1889 his
1247 1823 1401 1888 subsidia
1463 1879 1464 1890 .

189 1929 442 1998 ssubmittebat.
481 1931 598 2011 Nostri,
622 1932 717 1998 simul
739 1934 771 1998 in
795 1933 885 1998 arido
909 1932 1129 2010 constiterunt,
1154 1929 1219 1994 suis
1244 1927 1397 1994 omnibns

225 2037 401 2101 consecutis
423 2037 456 2100 in
478 2036 585 2102 hostes
607 2038 763 2118 impeturn
786 2035 931 2104 lecerunt
954 2044 1050 2118 atque
1074 2054 1126 2102 eos
1150 2037 1184 2100 in
1205 2033 1320 2114 lugam
1346 2031 1399 2095 rie·

225 2138 349 2219 derunt,
373 2159 477 2222 neque
499 2143 632 2224 longius.
648 2143 797 2224 prosequi
817 2147 997 2224 potnerunt,
1020 2141 1105 2222 quod
1120 2141 1245 2222 equites
1262 2153 1394 2227 cursum

174 2330 259 2384 echon
272 2331 420 2410 rollcndet,
440 2335 525 2390 daher
543 2335 586 2391 als
598 2334 753 2392 unzweifel·
821 2307 823 2310 ,
842 2337 867 2389 4.
885 2334 1011 2403 scaphas,
1031 2333 1151 2389 lrleinere
1170 2331 1269 2411 Boote,
1290 2327 1390 2387 welche

174 2417 235 2471 hait
253 2420 430 2476 stattfindend
449 2424 624 2478 bezeichnen.
808 2440 842 2479 zu
869 2423 921 2477 den
950 2420 1166 2489 Kriegsschiffen
1194 2420 1331 2487 gehoren.
1361 2444 1393 2455 -

209 2526 491 2583 stomachanter
515 2545 551 2588 aa.
588 2529 679 2584 Wenn
704 2530 753 2586 (las
807 2500 996 2579 willalmi
1020 2509 1147 2578 naama,
1183 2508 1302 2563 Wstsshss·
1339 2502 1393 2559 und

174 2612 318 2680 reciproke
331 2614 491 2670 verbalem„
509 2618 695 2685 anagedrrrckt
707 2620 754 2687 ist,
809 2595 1189 2668 Rahognosaiernngsschiffe,
1216 2595 1325 2651 welche
1350 2608 1394 2661 ge-

174 2698 239 2753 rlarf
248 2700 297 2755 der
309 2701 519 2772 objektsaccug
530 2706 579 2760 des
590 2706 671 2765 perh,
678 2708 755 2762 nich-t
808 2687 945 2742 athulich
958 2688 1006 2741 mit
1020 2687 1097 2740 einer
1107 2685 1193 2741 Reihe
1206 2680 1394 2739 Runerbanre

174 2789 361 2857 amaedruckr
377 2794 500 2849 wardan,
514 2794 550 2852 cf.
564 2795 609 2848 Vl.
625 2799 649 2849 8.
662 2801 676 2849 1
690 2804 716 2850 ιἰ.
730 2801 755 2850 o.
809 2791 889 2830 '⁰¹⁵⁶
909 2791 943 2830 0¹¹
974 2790 1066 2829 ”²0¹1
1096 2772 1316 2843 (Alifflflflhiffeb
1353 2796 1392 2821 ····

209 2898 236 2950 6,
253 2912 287 2949 η
300 2898 438 2965 prom,
455 2900 693 2956 manutenentia
707 2902 756 2957 das
804 2864 854 2919 o'oe
908 2904 913 2917 .
927 2904 933 2917 .
945 2904 951 2917 .
963 2862 1140 2917 mameranus.
1167 2860 1246 2915 Nach
1260 2861 1325 2915 dem
1338 2858 1393 2912 ein·

174 2982 414 3055 suhj‚=01qui
437 2988 466 3041 jn
488 2989 620 3057 proximis
644 2990 756 3044 mmm
810 2951 927 3018 mahgen
951 2950 1049 3005 Balehl
1072 2964 1121 3003 zur
1140 2948 1321 3015 Bemannnng
1345 2943 1391 2997 der

175 3079 256 3127 erant
811 3038 921 3105 Schiffe,
935 3032 1393 3106 drhcktdaalmperidiawieder·

257 3116 264 3131 ’
307 3184 310 3187 ,
635 3180 638 3186 ,
810 3127 887 3183 holte
904 3126 1053 3195 Haudlnng
1070 3142 1129 3181 aus.

143 3233 167 3251 ‘
210 3212 257 3268 Ἃ·
295 3214 757 3286 1.ordr'maaervara,lteiheanu
845 3219 870 3271 5.
888 3214 969 3277 simol
988 3236 1020 3262 =
1040 3213 1214 3285 simulatque.
1243 3238 1275 3249 -
1308 3220 1394 3275 aarum

174 3301 256 3360 (iliad
268 3302 391 3363 halten“.
407 3332 438 3343 -—
452 3304 675 3374 aipnuaabaaqoi
687 3305 756 3375 „den
811 3306 895 3375 „aber
913 3304 1016 3371 nicht“.
1033 3302 1070 3362 ol.
1084 3320 1119 3359 au
1131 3304 1153 3357 l.
1165 3306 1207 3357 47.
1221 3306 1244 3355 1.
1263 3328 1299 3340 -
1318 3291 1391 3365 qaod

176 3389 359 3447 Feldaeiohen
384 3391 495 3459 largam
521 3393 548 3447 d.
567 3393 595 3451 h.
613 3394 757 3449 bei-ihren
811 3392 1029 3460 equites...aoa
1041 3396 1200 3459 potuerunt.
1224 3388 1275 3443 Dia
1284 3386 1391 3445 Baiter,

176 3478 291 3533 Falrnen
309 3478 365 3533 und
383 3481 465 3546 sumit
482 3482 511 3535 in
523 3480 603 3538 ibren
614 3482 758 3551 Manipeln
811 3481 912 3536 welche
936 3480 1008 3537 nach
1030 3496 1054 3538 c.
1072 3482 1115 3534 23.
1135 3484 1150 3533 1
1170 3478 1228 3534 sich
1246 3476 1284 3531 im
1302 3470 1390 3529 Hafen

177 3565 291 3623 blaiben.
309 3566 345 3625 ci.
357 3567 384 3625 b.
397 3584 420 3623 c.
432 3569 455 3624 L
465 3572 508 3625 71.
518 3572 535 3623 3
547 3584 636 3637 neque
645 3570 758 3625 ordines
813 3584 864 3621 von
889 3567 1066 3623 Ambleteuse
1092 3564 1253 3621 einschiffen
1266 3562 1389 3635 solitar,

177 3670 265 3723 neque
283 3655 362 3723 signa
380 3665 533 3712 servarent.
811 3653 1386 3719 hattanihrenCoursniehthaltenkbnnan

212 3747 238 3797 2.
255 3743 325 3801 abi.
344 3750 591 3811 Munnapcaaruot
615 3746 667 3801 Dia
680 3746 758 3801 Tem·
812 3742 868 3797 nni
891 3759 982 3799 waren
1007 3742 1139 3799 demnach
1162 3742 1233 3797 noch
1252 3740 1328 3797 nicht
1345 3750 1388 3805 ge·

176 3846 245 3900 pora
272 3831 440 3887 bezeichnen
467 3832 512 3887 rlie
538 3832 689 3901 Handluog
716 3832 758 3888 als
812 3832 947 3887 hommes.
975 3832 1009 3887 cf.
1037 3847 1060 3887 c.
1088 3834 1131 3887 28.
1158 3836 1182 3884 2.
1217 3832 1257 3883 lm
1276 3828 1387 3893 ubrigen

177 3922 239 3975 eine
256 3917 342 3975 ultera
361 3920 422 3976 sich
439 3920 667 3976 wiederholcnde.
812 3920 886 3987 giebt
905 3919 995 3975 dieser
1013 3920 1076 3974 Sata
1094 3918 1171 3991 nieht
1190 3918 1233 3973 die
1246 3917 1387 3972 Abwesen·

213 4011 239 4064 3.
260 4009 297 4061 ob
315 4007 399 4061 latare
416 4013 522 4076 aperto,
549 4025 586 4066 an
604 4008 654 4064 der
672 4008 759 4063 durch
812 4008 869 4063 heit
885 4008 933 4063 der
949 4008 1045 4061 Reiter
1060 4001 1386 4075 arsurundaasondern

178 4096 222 4151 die
258 4096 458 4165 Kriegsschihe
492 4097 572 4151 nicht
606 4097 760 4166 gedechtan
813 4079 1385 4171 begrundetnurihrehbrresanhait.lihn-

178 4183 292 4239 Flanke.
315 4213 351 4226 ·-
373 4184 405 4238 ia
426 4184 580 4249 mersos,
597 4186 635 4238 im
652 4184 759 4254 Gegan·
814 4184 869 4239 lich
881 4200 903 4239 c.
917 4186 959 4238 36.
971 4186 987 4237 2
1000 4181 1126 4250 quod...
1142 4175 1390 4249 nonemrrmabat,

178 4281 238 4329 sata
255 4288 290 4332 zu
306 4273 415 4341 aliquos
434 4272 597 4340 singulares.
667 4292 670 4298 ·
815 4300 849 4311 ....
862 4286 958 4340 capara
970 4268 1143 4339 „erreichen‘¹
1163 4270 1197 4325 cf.
1212 4271 1244 4323 V.
1258 4271 1283 4323 8.
1296 4268 1311 4320 3
1323 4278 1347 4317 ιι.
1361 4264 1384 4312 b.
