2934 4750
194 167 234 226 52
666 177 707 231 De
726 178 797 231 bella
817 177 929 232 Gallico.

213 342 224 391 1
335 327 386 385 36.
412 321 459 386 Ad
481 319 559 385 haec
582 320 759 386 Ariovistus
781 320 960 401 respondit:
995 320 1054 385 Ius
1076 341 1143 386 esse
1164 319 1248 398 belli,
1277 324 1319 399 ut,
1343 320 1396 400 aui
1452 324 1453 383 t

246 427 402 505 uicissent,
426 427 477 505 iis,
501 447 578 509 quas
593 426 752 505 vicissent,
775 427 1036 507 quemadmodum
1050 426 1173 505 retient,
1188 427 1396 505 deperarent:

246 532 321 596 item
343 531 500 612 poputum
523 530 703 596 Romanum
725 531 819 596 uictis
840 551 907 596 nau
930 531 974 595 ad
995 531 1129 596 alterius
1150 533 1396 614 praescriptum,

210 636 301 706 asad
329 637 373 700 ad
402 655 494 700 suum
524 636 695 701 arbitrium
723 636 883 717 imperare
912 655 1086 703 consuesse.
1131 635 1169 703 sc·
1192 639 1261 720 ipse
1275 637 1397 720 papula

247 741 388 806 Romana
417 762 481 806 ucu
506 741 747 822 praescriberet,
783 741 1044 824 quemadmodum
1073 761 1131 807 sua
1159 744 1229 808 iure
1250 749 1398 820 uteretur,

245 867 310 910 nou
340 852 483 928 opertere
513 867 580 912 sese
612 869 632 911 a
664 848 782 928 papate
805 848 951 913 ltcumnc
983 849 1020 913 iu
1048 869 1107 913 sua
1138 848 1210 914 iure
1240 847 1397 929 impediri.
1453 922 1454 927 ἵ

211 953 374 1023 sAeduas
396 953 468 1032 sibi,
493 953 644 1035 quoniam
668 952 742 1018 betti
761 954 927 1034 tartunam
949 958 1153 1038 temptassent
1167 959 1197 1019 et
1212 954 1313 1019 armis
1328 973 1397 1017 carr·
1453 932 1454 1003 3

211 1080 228 1129 4
246 1061 349 1143 pressi
372 1079 409 1124 ac
431 1060 578 1138 superati
601 1063 711 1139 esseut,
746 1059 978 1140 stipendiarias
1000 1081 1067 1125 esse
1085 1059 1197 1139 factas.
1242 1059 1398 1140 Mapnam

249 1162 417 1229 Gaesarem
446 1165 603 1229 iniurium
632 1165 749 1245 facere,
783 1166 839 1248 pui
871 1186 929 1231 sua
962 1166 1102 1231 adveatu
1136 1164 1307 1248 ccctipeiia
1339 1163 1399 1229 sibi

211 1291 228 1342 5
247 1269 406 1335 deteriora
426 1270 556 1350 faceret.
588 1269 713 1336 Aeduis
736 1292 769 1337 se
792 1272 917 1337 absides
939 1271 1140 1337 redditurum
1161 1290 1225 1335 nan
1250 1290 1326 1347 csse,
1350 1289 1399 1332 nc·
1454 1276 1455 1347 t

247 1396 306 1458 pne
327 1376 370 1440 iis
392 1395 491 1456 neque
513 1395 622 1441 eorum
645 1377 741 1442 sociis
762 1377 889 1442 iniuria
910 1376 1026 1441 betium
1049 1376 1224 1453 illaturum,
1255 1377 1286 1438 si
1309 1375 1345 1438 in
1366 1395 1399 1438 ca

246 1487 419 1560 manerent,
436 1483 519 1564 quad
534 1483 739 1562 convenisset,
756 1481 1010 1565 stipendiariique
1026 1481 1197 1563 quotannis
1206 1480 1399 1562 penderent;

247 1589 277 1652 si
299 1587 335 1650 id
356 1607 420 1652 nau
439 1588 597 1668 fecissent,
622 1588 714 1672 toupe
737 1589 781 1652 iis
801 1588 981 1669 fraternum
999 1608 1111 1653 namen
1130 1585 1247 1668 popuii
1261 1585 1399 1652 Rauraci

213 1713 229 1764 6
248 1696 424 1775 afuturum.
450 1695 541 1775 Quod
561 1694 624 1759 sibi
643 1694 762 1760 Caesar
777 1695 989 1774 denuntiaret,
1011 1715 1046 1760 se
1062 1692 1245 1759 Aeduorum
1259 1693 1400 1758 iniurias
1455 1678 1456 1711 ³

247 1820 310 1886 nan
332 1800 555 1882 neplecturum,
577 1801 733 1890 neminem
755 1820 858 1866 secum
880 1800 951 1864 siue
964 1821 1026 1866 sua
1034 1799 1181 1880 pernicie
1195 1799 1398 1864 contendisse.

213 1925 229 1974 7
250 1903 328 1971 Cum
345 1905 444 1984 veltet,
469 1906 729 1989 canprcderetur;
752 1905 994 1984 intellecturum,
1017 1905 1096 1988 quid
1109 1904 1220 1969 invicti
1237 1903 1399 1983 Germani,
1456 1952 1457 1967 ,

247 2117 414 2196 subissent,
437 2117 554 2183 virtute
571 2121 711 2198 possent.

216 2244 229 2292 1
338 2228 388 2288 37.
423 2222 509 2287 Haec
538 2225 649 2288 eodem
678 2230 821 2305 tempore
845 2222 976 2288 Caesari
998 2221 1152 2287 mandate
1173 2221 1400 2300 referebantur,

230 2416 277 2473 36.
311 2422 332 2470 1.
353 2416 401 2484 qui
417 2416 542 2471 uicissent
560 2458 566 2469 .
586 2460 592 2474 .
611 2432 677 2484 quas
694 2417 773 2471 eicis
826 2416 861 2473 ci.
885 2416 940 2471 Cic.
963 2432 1014 2483 pra
1037 2416 1108 2470 Mur.
1136 2419 1176 2471 16.
1194 2418 1229 2471 34
1246 2431 1344 2471 namen
1362 2433 1399 2470 re·
1457 2435 1458 2448 ¹

195 2509 255 2558 seut
273 2504 309 2562 ci.
327 2521 350 2558 a.
370 2507 412 2557 44.
430 2511 447 2560 2
466 2505 582 2559 viatores
601 2506 688 2561 victis.
826 2505 906 2573 giura
922 2534 951 2543 -
965 2504 1044 2573 ianm
1060 2504 1151 2559 abesse
1164 2504 1401 2573 „nichtrnamen“.
1457 2557 1458 2560 ,

233 2597 258 2650 3.
276 2592 470 2660 stipendiarias
489 2591 523 2648 ef.
541 2610 576 2647 zu
595 2609 617 2647 e.
637 2597 679 2649 30.
698 2598 722 2651 3.
862 2595 887 2649 6.
905 2593 1069 2648 dennutiare
1086 2592 1402 2663 ,camerani-kretai

232 2685 258 2735 4.
278 2681 326 2749 pai
338 2720 344 2734 .
358 2725 365 2739 .
380 2681 492 2749 faceret,
511 2680 637 2735 causaler
654 2682 774 2737 Relatir·
862 2687 886 2737 7.
904 2681 1103 2737 marmarum
1122 2682 1179 2736 scil.
1198 2680 1354 2737 Gaesarem.
1371 2709 1400 2719 -

196 2779 266 2837 raiz,
290 2768 405 2824 welcher
430 2770 500 2828 aueb
525 2770 552 2823 in
573 2768 621 2823 der
641 2786 680 2827 or.
699 2777 776 2825 recta
826 2770 924 2825 inuicti
931 2768 1155 2839 „unbesiegbar“.
1167 2756 1259 2824 (bitere
1269 2774 1402 2824 vertreten

195 2861 232 2912 im
251 2857 333 2927 Konj.
351 2858 447 2913 sichen
465 2863 574 2913 maeste.
828 2859 871 2915 bie
890 2859 982 2927 (meiat
996 2859 1084 2913 mitia
1097 2857 1402 2927 zusammengeeetzter)

232 2946 775 3015 5.neque..uepue„aberweder..nach“.
827 2947 979 3015 Participia
996 2946 1070 3001 Peri.
1088 2946 1166 3001 Pars.
1185 2945 1344 3014 Adielrtive,
1363 2945 1402 2999 die

197 3039 254 3091 Dae
274 3045 349 3092 erste
369 3036 457 3105 Glied,
475 3036 592 3091 welches
612 3041 681 3091 erait
699 3036 775 3092 einer
828 3033 1052 3104 denBegriffder
1063 3033 1351 3103 Mbgliehkeithaben.
1369 3032 1401 3087 ef.

198 3124 481 3193 Advcreativpartikel
500 3125 589 3193 steht,
616 3123 714 3192 lmtrpft
739 3140 774 3180 an
828 3122 893 3181 Sall.
912 3123 970 3191 lug.
989 3126 1031 3178 76.
1052 3127 1065 3175 1
1084 3121 1222 3177 infectam.
1247 3122 1303 3177 Cic.
1322 3121 1401 3176 Acad.

199 3215 247 3269 das
265 3215 359 3281 vorige
377 3228 413 3267 an
425 3212 480 3267 und
492 3212 717 3281 kerrespandiert
729 3228 774 3266 zu·
829 3214 863 3266 ΙΙ.
876 3215 900 3267 b.
916 3214 949 3267 18
965 3212 1094 3267 iudicium
1106 3211 1208 3278 cogniti
1226 3217 1253 3265 et
1263 3209 1401 3282 incogniti.

196 3304 287 3373 gleieh
309 3304 359 3357 mit
377 3302 436 3357 dem
454 3303 568 3357 zweiten
587 3301 690 3356 Gliede.
725 3300 776 3354 Bei
830 3330 860 3339 -
884 3301 958 3355 inter
986 3302 1038 3371 ,im
1057 3298 1187 3356 Verlaute
1205 3298 1275 3355 van“
1294 3324 1330 3345 =
1347 3313 1401 3367 per.

198 3393 252 3449 Cic.
266 3392 352 3446 findet
365 3389 423 3444 sich
436 3389 525 3445 dieser
535 3389 679 3445 Gabrauch
691 3388 774 3443 nieht

196 3481 240 3536 aa
266 3480 294 3535 c.
320 3496 372 3533 nur
397 3478 458 3532 hier
475 3478 531 3532 unc
549 3479 598 3536 111.
617 3482 641 3532 e.
661 3482 686 3532 2.
713 3478 774 3533 vrr.
1002 3442 1079 3528 ΜΡ·
1103 3444 1226 3510 37-41.

197 3565 774 3636 52.1.-pucdconcenisset,woraber
827 3564 930 3622 (iiiam
952 3564 1099 3621 Auibrueh
1122 3564 1180 3619 aad
1197 3562 1310 3619 nemea
1333 3558 1401 3615 nach

196 3659 236 3712 sie
247 3656 519 3725 iibereingekommen
529 3656 647 3709 waren“.
657 3653 774 3723 Seyffert
870 3654 1019 3722 Veruntiag
1037 3652 1176 3709 bieuterei
1193 3651 1241 3706 bea
1257 3650 1365 3706 naeres

198 3749 256 3801 158.
275 3751 300 3801 2.
330 3774 362 3782 -
381 3742 605 3811 stipendiumque.
637 3742 694 3810 Qua
713 3742 775 3811 rapt
1048 3742 1182 3798 baselbst.

198 3835 258 3890 dem
282 3833 462 3901 allgemeinen
482 3831 585 3900 Begriff
605 3834 633 3887 in
652 3849 684 3888 eo
703 3833 776 3901 qued
861 3832 909 3887 67.
941 3836 965 3887 1.
989 3830 1080 3884 eadem
1104 3837 1221 3900 tempore
1244 3871 1250 3885 .
1270 3871 1278 3886 .
1300 3834 1333 3884 et.
1367 3826 1403 3879 Iit

197 3932 250 3981 etc.
277 3923 325 3977 das
351 3922 411 3976 dem
431 3921 552 3975 Ariarici
579 3921 776 3979 bedentendste
828 3920 901 3975 reiht
923 3918 1151 3974 naehdruckrvoil
1168 3935 1204 3974 an
1224 3919 1276 3974 den
1294 3918 1401 3973 vorher·

198 4014 320 4067 Mement
333 4011 429 4079 hinzu3
443 4010 513 4078 „und
524 4010 622 4065 zuar“.
634 4041 663 4049 —
675 4010 776 4077 frater·
828 4007 970 4076 gehenden
984 4007 1050 4062 Sata
1062 4009 1143 4062 einen
1155 4007 1279 4075 aweiten,
1298 4007 1347 4061 der
1360 4004 1403 4059 ein

197 4117 262 4153 uum
280 4115 376 4155 nomeu
395 4120 426 4144 =
446 4099 563 4154 fratrum
585 4115 684 4154 nomen
710 4099 777 4168 „der
829 4096 1034 4165 gleichzeitigen
1046 4095 1175 4165 Ereignie
1194 4093 1351 4151 auefflfiekt.
1369 4089 1402 4145 ci.

197 4190 272 4245 Titel
290 4190 419 4245 Bruder“.
444 4188 519 4244 Statt
538 4190 586 4244 des
605 4188 777 4257 appositiven
830 4188 854 4242 b.
866 4203 890 4240 c.
902 4186 924 4244 1.
943 4188 985 4240 62.
1004 4189 1021 4239 3
1040 4183 1135 4240 eadem
1153 4192 1277 4254 tempore
1294 4198 1363 4253 pona
1376 4180 1402 4232 in

198 4278 327 4335 Genetiva
352 4278 438 4333 findet
463 4277 521 4333 rich
540 4275 632 4345 heufig
650 4275 694 4331 ein
711 4274 776 4343 Adj.
829 4274 933 4329 Hibero
963 4272 1078 4330 effectae
1109 4274 1290 4329 narrabatur
1320 4276 1348 4325 et
1376 4267 1402 4320 ia
