2934 4750
165 197 207 257 14
638 211 680 265 De
697 209 770 266 bello
789 210 903 265 Gallico.

183 362 282 417 anon
315 352 394 428 satis
429 351 590 416 commode
623 370 716 434 posse
749 353 995 418 arbitrabantur.
1048 351 1127 418 Cum
1162 353 1211 420 his
1244 354 1379 419 navibus

216 462 346 524 nostrae
376 455 470 523 classi
500 459 653 524 eiusmodi
682 477 872 541 congressus
903 464 980 537 eret,
1013 465 1050 524 ut
1074 477 1136 524 una
1159 459 1321 524 celeritate
1345 466 1379 525 et

216 563 308 645 pulsu
331 581 489 628 remorum
513 569 701 646 praestaret,
725 565 848 646 reliqua
870 584 927 647 pro
951 565 1012 630 loci
1031 571 1156 644 natura,
1179 583 1236 647 pro
1252 566 1282 629 vi
1298 573 1379 630 tem·

178 674 377 751 apostatum
406 667 469 735 illis
496 672 759 752 essent-aptiora
789 677 821 736 et
851 671 1115 738 accomodatiora.
1161 670 1271 752 Neque
1293 671 1379 735 enim

218 772 266 839 his
294 781 423 841 nostrae
449 782 554 841 rostro
584 795 697 844 nocere
719 783 871 860 poterant
894 815 935 826 --
960 782 1050 843 tenta
1073 779 1106 842 in
1129 778 1167 842 iis
1191 781 1261 842 eret
1283 774 1379 841 firmi·

217 879 293 944 tudo
315 917 362 960 -,
385 899 488 962 neque
509 888 640 963 propter
663 882 861 948 altitudinem
885 881 976 948 facile
998 883 1096 948 telum
1120 882 1319 964 adigebatur,
1345 887 1379 947 et

177 986 328 1050 academ
352 985 392 1052 de
414 1005 511 1053 causa
534 988 636 1052 minus
660 988 823 1054 commode
845 988 966 1070 copulis
989 988 1244 1054 continebantur.
1282 989 1379 1052 Acce·

217 1091 322 1170 debat,
347 1098 397 1172 ut‚'
418 1111 488 1157 cum
511 1095 633 1160 saevire
656 1099 769 1159 ventus
793 1096 950 1177 coepisset
972 1101 1005 1160 ct
1028 1113 1063 1160 se
1087 1099 1180 1159 vento
1205 1093 1377 1173 dedissent,

217 1202 250 1262 et
275 1203 500 1280 tempestatem
530 1197 652 1264 ferrent
673 1198 798 1265 lucilius
821 1204 855 1265 et
876 1201 909 1264 in
932 1199 1021 1264 vadis
1044 1200 1255 1265 consisterent
1277 1199 1378 1264 tutius

217 1309 250 1369 et
278 1304 319 1369 ab
347 1310 438 1369 aestu
465 1303 595 1370 relictae
626 1305 704 1370 nihil
736 1322 813 1370 saxa
843 1311 875 1368 et
906 1309 1017 1370 cautes
1045 1305 1194 1370 timerent
1201 1333 1209 1387 3
1243 1322 1377 1385 quarum

216 1427 322 1473 rerum
346 1411 481 1475 omnium
505 1413 623 1476 nostris
646 1411 779 1476 navibus
803 1429 896 1477 casus
919 1414 987 1476 erat
1010 1409 1270 1476 extimescendas.

182 1523 197 1572 1
309 1519 357 1579 14.
389 1513 613 1599 Compluribus
640 1517 827 1599 expugnatis
849 1515 973 1597 oppidis
996 1513 1122 1597 Caesar,
1146 1514 1200 1580 ubi
1222 1513 1379 1580 intellexit

216 1618 337 1684 frustra
359 1625 483 1685 tautum
506 1622 647 1688 laborem
665 1623 757 1701 sumi,
780 1640 883 1703 neque
899 1621 1035 1687 hostium
1051 1620 1158 1702 fugam
1174 1623 1272 1702 captis
1288 1621 1377 1702 oppi-

218 1724 266 1789 dis
281 1726 410 1807 reprimi
425 1745 528 1808 nequo
542 1727 581 1792 iis
596 1729 702 1793 noceri
719 1745 820 1808 posse,
842 1727 956 1792 statuit
971 1727 1217 1809 exspectandam
1233 1725 1375 1791 classem.

179 1830 306 1907 aduae
333 1832 387 1897 ubi
414 1834 561 1898 convenit
588 1852 625 1898 ac
653 1833 790 1915 primum
820 1835 860 1898 ab
889 1833 1032 1898 hostibus
1061 1833 1129 1897 visa
1159 1838 1219 1911 est,
1252 1831 1377 1897 circiter

217 1937 368 2002 ducentas
398 1936 458 2002 XX
486 1955 583 2004 naves
615 1957 725 2004 torum
757 1939 978 2021 paratissimae
1016 1944 1112 2020 atque
1144 1938 1229 2002 omni
1261 1955 1377 2019 genere

126 2031 128 2033 ’
216 2060 376 2107 armorum
399 2044 621 2110 ornatissimae
643 2044 805 2127 proiectae
829 2063 867 2110 ex
888 2053 983 2126 portu
998 2044 1115 2110 nostris
1132 2043 1285 2108 adversae
1304 2060 1378 2107 con·

199 2201 225 2252 7.
242 2215 409 2268 compressos,
424 2202 460 2255 im
472 2200 640 2256 feindlichen
652 2202 744 2257 Sinna.
798 2202 845 2256 mit
871 2201 931 2256 dem
950 2199 1194 2269 rorhergehenden
1215 2207 1243 2254 et
1262 2241 1268 2253 .
1288 2239 1294 2252 .
1314 2241 1321 2256 .
1341 2204 1378 2264 et,

198 2291 224 2342 8.
241 2293 338 2341 rostro.
376 2289 428 2343 Die
450 2294 517 2342 rom.
543 2287 744 2357 Kriegsschilie
798 2288 916 2344 sonderu
931 2289 980 2344 das
991 2290 1088 2344 zweite
1098 2287 1178 2343 Glied
1188 2288 1378 2356 (consisterent

160 2392 254 2432 waren
286 2393 329 2432 am
359 2377 533 2432 Vordcrteile
568 2378 618 2431 mit
654 2379 743 2433 ciuem
796 2379 897 2445 tutius)
916 2377 983 2432 wird
1002 2377 1047 2432 fiir
1065 2375 1301 2431 denbesonderen
1315 2373 1378 2429 Fall

161 2464 300 2532 scherien,
321 2466 596 2533 eisenheschlageneu
609 2466 742 2523 Sohnabel
796 2467 843 2535 (ab
866 2473 946 2522 aestu
969 2466 1082 2521 relictae
1100 2490 1136 2509 π
1154 2480 1216 2520 cum
1239 2465 1274 2520 ab
1298 2469 1378 2519 aestu

159 2553 301 2622 semeher,
325 2570 371 2608 um
396 2554 441 2609 die
458 2554 624 2610 leindlicheu
643 2554 742 2610 Schiiie
796 2556 909 2611 relictae
933 2552 1036 2623 essent)
1066 2554 1139 2609 noch
1161 2554 1257 2607 weiter
1280 2566 1377 2620 ausge-

117 2670 121 2676 ‚
160 2644 190 2697 in
210 2642 262 2697 den
276 2642 371 2697 Gruod
389 2659 424 2697 zu
443 2644 556 2698 bohren.
576 2674 607 2683 —
628 2645 742 2711 copulis.
796 2642 881 2698 ldhrt.
919 2644 993 2698 Statt
1018 2643 1053 2697 ab
1073 2649 1153 2697 aestu
1171 2646 1296 2697 cruentat
1313 2656 1377 2695 men

160 2730 251 2786 Uuter
270 2730 331 2785 dem
348 2730 528 2800 allgemeineu
543 2732 662 2801 Begriffe
681 2732 743 2787 sind
796 2732 849 2787 den
868 2730 975 2787 blolseu
988 2730 1060 2801 Ahl.‚
1076 2729 1177 2799 iedoch
1197 2730 1271 2784 nicht
1288 2728 1377 2783 selten

160 2819 221 2873 hier
239 2820 462 2886 manuoferreee
483 2819 696 2889 „Euterhaken“
708 2838 742 2876 zu
795 2820 861 2874 tritt
885 2826 956 2873 statt
980 2817 1028 2873 des
1054 2816 1116 2872 Abl.
1143 2818 1269 2871 instrum.
1297 2814 1376 2870 steh-

158 2908 316 2963 veratehen.
336 2908 370 2962 ci.
389 2909 415 2966 b.
434 2926 458 2964 c.
476 2909 498 2965 1.
517 2912 559 2963 57.
577 2914 604 2963 2.
796 2907 884 2962 licber
899 2906 1021 2975 Begriffc
1033 2906 1076 2961 die
1089 2905 1264 2974 Prtposition
1277 2903 1311 2958 ab
1324 2902 1375 2967 ein,

195 2999 222 3051 9.
244 2995 404 3061 Accedebat,
423 3001 463 3051 ut.
503 2997 646 3052 Withrend
669 2997 743 3065 quod
796 2994 885 3049 aumal
897 3011 976 3050 wenn
989 2994 1115 3064 augleich
1127 2995 1156 3048 in
1167 2993 1227 3048 dem
1235 2991 1376 3047 Verb.der

147 3085 243 3139 *einen
255 3100 343 3139 neuen
353 3084 449 3140 Grund
461 3086 608 3154 beibringt‚
620 3086 698 3140 fdhrt
711 3093 743 3140 ut
796 3083 904 3151 Begriii
911 3083 959 3138 der
968 3083 1115 3152 Trennung
1123 3084 1199 3151 liegt.
1219 3080 1252 3135 ci.
1266 3096 1289 3134 c.
1303 3082 1347 3134 26.
1359 3084 1377 3133 2

160 3173 223 3227 eine
241 3187 310 3227 neue
328 3172 485 3229 Thatsache
504 3175 557 3231 cin.
577 3174 611 3229 cl.
630 3189 653 3228 c.
673 3176 698 3231 2.
717 3176 742 3229 ὁ.
795 3172 906 3228 intritae
924 3171 960 3226 ab
977 3169 1079 3226 labore.
1098 3199 1131 3209 -
1150 3174 1182 3223 eet
1195 3209 1201 3221 .
1213 3209 1238 3223 ..
1253 3168 1378 3221 timerent

161 3288 196 3301 -
213 3259 475 3328 cum...coepieoet
493 3259 527 3315 oi.
546 3276 570 3315 c.
584 3265 624 3317 14.
644 3265 661 3318 6
680 3278 743 3317 cum
798 3259 874 3329 „dale
906 3260 945 3315 sie
975 3276 1009 3314 zu
1045 3258 1171 3313 iiirchteu
1201 3254 1376 3323 brauchteu“,

159 3348 240 3402 funes
259 3349 450 3416 comprehensi
469 3357 544 3415 sunt,
562 3366 604 3405 wo
624 3350 652 3405 G.
671 3351 743 3406 uach
796 3347 869 3403 denn
892 3347 936 3402 die
954 3346 1055 3402 Schiffe
1078 3362 1169 3401 waren
1189 3360 1238 3399 aus
1258 3343 1378 3398 Eichen-

160 3436 223 3491 dem
234 3436 384 3491 iterativen
397 3453 458 3491 cum
473 3436 525 3491 den
537 3436 596 3491 Iud.
609 3445 690 3492 aetat.
709 3438 744 3492 cf.
796 3437 858 3491 holz
871 3436 980 3505 gebeut.
991 3465 1023 3473 —
1033 3450 1117 3489 cosma
1128 3433 1193 3503 „das
1202 3431 1377 3489 Eintreten“.

116 3570 120 3578 .
160 3542 197 3579 zu
206 3526 228 3578 I.
240 3526 283 3582 25.
297 3526 321 3579 3.
334 3552 369 3565 -
378 3540 406 3577 oe
416 3530 495 3579 oemio
507 3525 652 3579 dedissent.
665 3526 743 3595 „sich
809 3590 813 3607 Ἀ

160 3630 221 3668 vom
239 3611 340 3668 Winde
361 3611 460 3666 hatten
486 3614 593 3668 treiben
616 3614 742 3676 lessen“;
787 3594 868 3683 “dom
882 3630 983 3675 14-16.
1017 3628 1176 3681 Beeiegung
1190 3626 1240 3671 der
1254 3626 1379 3672 Veneror

160 3703 189 3757 iu
215 3701 276 3755 dem
298 3699 446 3754 husdruclr
473 3701 541 3780 liegt
568 3703 611 3755 eiu
640 3701 742 3757 willen-
923 3700 954 3744 111
969 3699 1046 3744 einer
1061 3697 1249 3743 sooseulaoht.

160 3789 234 3844 loscs
252 3787 404 3856 Hiugebeu.
429 3817 461 3827 -
490 3794 670 3857 tempestatem
685 3790 741 3855 fer·
831 3790 876 3844 14.
907 3794 930 3843 1.
948 3789 1065 3843 laborem
1084 3788 1200 3841 smmi=
1213 3788 1324 3855 suscipi.
1343 3786 1378 3841 cl.

159 3882 223 3932 rent
241 3876 366 3944 facilius,
394 3875 466 3931 deno
484 3878 555 3932 nach
573 3876 589 3948 ᾗ
608 3881 625 3931 2
644 3878 741 3933 hatten
796 3876 862 3933 Sall.
884 3880 942 3945 Ing.
966 3879 1008 3931 83.
1034 3881 1047 3930 1
1073 3875 1173 3931 bellum
1199 3876 1278 3942 sumi,
1302 3890 1377 3929 wazu

160 3966 205 4019 die
225 3964 326 4019 Schiffe
351 3964 423 4019 hohe
441 3965 560 4019 Vorder·
585 3983 612 4025 u.
629 3966 750 4031 Hinters
796 3965 896 4020 bellum
923 3964 1048 4019 desinere
1067 3966 1103 4016 im
1123 3963 1276 4033 Gegensatz
1295 3962 1377 4017 steht.

161 4053 234 4109 teile.
253 4082 288 4091 -
306 4052 336 4104 ι’νι
353 4052 434 4107 oode's
451 4053 628 4108 cucumerem
643 4054 742 4120 tutius,
795 4083 830 4092 -
848 4068 933 4121 meque
945 4096 952 4109 .
963 4093 970 4106 .
982 4093 989 4106 .
1002 4068 1095 4120 meque.
1115 4052 1166 4105 Die
1179 4051 1276 4106 beiden
1289 4051 1377 4105 durch

161 4141 224 4197 hail
248 4142 318 4194 nach
337 4138 353 4211 ᾗ
375 4145 387 4193 1
409 4142 453 4196 die
471 4140 551 4196 Kiele
571 4141 619 4195 der
639 4141 742 4196 Schiiie
796 4157 884 4209 neque
912 4140 1104 4209 eingeleiteten
1124 4139 1205 4194 Stitze
1230 4139 1293 4194 sind
1317 4139 1376 4193 eine

160 4230 229 4284 sehr
251 4227 323 4283 flach
344 4229 447 4297 gebaut
469 4245 568 4284 waren.
596 4260 630 4271 —
662 4233 688 4283 et
706 4228 741 4282 ab
796 4229 977 4297 Ausliihrung
1014 4229 1062 4283 des
1103 4227 1376 4296 vorauigegangenen

159 4323 239 4372 aestu
249 4316 369 4371 relictae.
383 4318 420 4371 Et
429 4317 655 4387 lxorrespondiert
665 4318 742 4372 nicht
793 4316 901 4384 frustra
920 4316 1040 4371 laborem
1059 4316 1137 4373 sumi.
