<?xml version="1.0" encoding="UTF-8"?>
<!DOCTYPE html PUBLIC "-//W3C//DTD XHTML 1.0 Transitional//EN"
    "http://www.w3.org/TR/xhtml1/DTD/xhtml1-transitional.dtd">
<html xmlns="http://www.w3.org/1999/xhtml" xml:lang="en" lang="en">
 <head>
  <title>
</title>
<meta http-equiv="Content-Type" content="text/html;charset=utf-8" />
  <meta name='ocr-system' content='tesseract 3.04.00' />
  <meta name='ocr-capabilities' content='ocr_page ocr_carea ocr_par ocr_line ocrx_word'/>
</head>
<body>
  <div class='ocr_page' id='page_1' title='image "./ciuliicaesarisc00waltgoog_0242.png"; bbox 0 0 2934 4750; ppageno 0'>
   <div class='ocr_carea' id='block_1_1' title="bbox 180 133 920 239">
    <p class='ocr_par' dir='ltr' id='par_1_1' title="bbox 180 133 920 239">
     <span class='ocr_line' id='line_1_1' title="bbox 180 133 920 239; baseline 0.004 -42"><span class='ocrx_word' id='word_1_1' title='bbox 180 133 224 197; x_wconf 83' lang='lat'>58</span> <span class='ocrx_word' id='word_1_2' title='bbox 617 230 619 239; x_wconf 27' lang='grc' dir='ltr'>ι</span> <span class='ocrx_word' id='word_1_3' title='bbox 659 146 700 201; x_wconf 88' lang='lat' dir='ltr'>De</span> <span class='ocrx_word' id='word_1_4' title='bbox 718 145 792 202; x_wconf 89' lang='lat' dir='ltr'>bello</span> <span class='ocrx_word' id='word_1_5' title='bbox 805 145 920 201; x_wconf 82' lang='lat' dir='ltr'>Gallico.</span> 
     </span>
    </p>
   </div>
   <div class='ocr_carea' id='block_1_2' title="bbox 166 288 1456 2705">
    <p class='ocr_par' dir='ltr' id='par_1_2' title="bbox 200 288 1456 900">
     <span class='ocr_line' id='line_1_2' title="bbox 200 288 1390 369; baseline -0.001 -19"><span class='ocrx_word' id='word_1_6' title='bbox 200 299 213 350; x_wconf 94' lang='lat'>1</span> <span class='ocrx_word' id='word_1_7' title='bbox 322 293 352 355; x_wconf 88' lang='lat'>8.</span> <span class='ocrx_word' id='word_1_8' title='bbox 377 291 437 352; x_wconf 89' lang='lat' dir='ltr'>Vix</span> <span class='ocrx_word' id='word_1_9' title='bbox 451 306 564 368; x_wconf 80' lang='lat' dir='ltr'>agmen</span> <span class='ocrx_word' id='word_1_10' title='bbox 579 288 783 354; x_wconf 82' lang='lat' dir='ltr'>novissimum</span> <span class='ocrx_word' id='word_1_11' title='bbox 799 293 889 354; x_wconf 87' lang='lat' dir='ltr'>extra</span> <span class='ocrx_word' id='word_1_12' title='bbox 901 288 1089 354; x_wconf 86' lang='lat' dir='ltr'>munitiones</span> <span class='ocrx_word' id='word_1_13' title='bbox 1101 291 1306 369; x_wconf 80' lang='lat' dir='ltr'><strong>processerat,</strong></span> <span class='ocrx_word' id='word_1_14' title='bbox 1323 304 1390 351; x_wconf 91' lang='lat' dir='ltr'>cum</span> 
     </span>
     <span class='ocr_line' id='line_1_3' title="bbox 233 392 1456 478; baseline -0.002 -19"><span class='ocrx_word' id='word_1_15' title='bbox 233 393 317 459; x_wconf 88' lang='lat' dir='ltr'>Galli</span> <span class='ocrx_word' id='word_1_16' title='bbox 340 394 499 460; x_wconf 89' lang='lat' dir='ltr'>cohortati</span> <span class='ocrx_word' id='word_1_17' title='bbox 522 394 606 459; x_wconf 90' lang='lat' dir='ltr'>inter</span> <span class='ocrx_word' id='word_1_18' title='bbox 626 411 670 475; x_wconf 91' lang='lat' dir='ltr'>se,</span> <span class='ocrx_word' id='word_1_19' title='bbox 694 413 733 459; x_wconf 92' lang='lat' dir='ltr'>ne</span> <span class='ocrx_word' id='word_1_20' title='bbox 756 399 916 475; x_wconf 88' lang='lat' dir='ltr'>speratam</span> <span class='ocrx_word' id='word_1_21' title='bbox 940 394 1092 476; x_wconf 82' lang='lat' dir='ltr'>praedam</span> <span class='ocrx_word' id='word_1_22' title='bbox 1116 413 1154 458; x_wconf 84' lang='lat' dir='ltr'>ex</span> <span class='ocrx_word' id='word_1_23' title='bbox 1177 393 1321 458; x_wconf 87' lang='lat' dir='ltr'>manibus</span> <span class='ocrx_word' id='word_1_24' title='bbox 1347 392 1391 457; x_wconf 91' lang='lat' dir='ltr'>di·</span> <span class='ocrx_word' id='word_1_25' title='bbox 1455 401 1456 478; x_wconf 69' lang='lat' dir='ltr'>l</span> 
     </span>
     <span class='ocr_line' id='line_1_4' title="bbox 232 497 1394 586; baseline -0.002 -23"><span class='ocrx_word' id='word_1_26' title='bbox 232 500 412 586; x_wconf 79' lang='lat' dir='ltr'>mitterent:</span> <span class='ocrx_word' id='word_1_27' title='bbox 436 500 565 582; x_wconf 91' lang='lat' dir='ltr'>longum</span> <span class='ocrx_word' id='word_1_28' title='bbox 588 517 657 564; x_wconf 90' lang='lat' dir='ltr'>esse</span> <span class='ocrx_word' id='word_1_29' title='bbox 680 500 858 582; x_wconf 81' lang='lat' dir='ltr'>perterritis</span> <span class='ocrx_word' id='word_1_30' title='bbox 881 499 1032 566; x_wconf 87' lang='lat' dir='ltr'>Romanis</span> <span class='ocrx_word' id='word_1_31' title='bbox 1056 499 1285 565; x_wconf 85' lang='lat' dir='ltr'>Germanorum</span> <span class='ocrx_word' id='word_1_32' title='bbox 1309 497 1394 562; x_wconf 83' lang='lat' dir='ltr'>auxi·</span> 
     </span>
     <span class='ocr_line' id='line_1_5' title="bbox 231 593 1456 688; baseline -0.002 -19"><span class='ocrx_word' id='word_1_33' title='bbox 231 605 309 669; x_wconf 90' lang='lat' dir='ltr'>lium</span> <span class='ocrx_word' id='word_1_34' title='bbox 332 611 525 688; x_wconf 82' lang='lat' dir='ltr'>exspectare,</span> <span class='ocrx_word' id='word_1_35' title='bbox 556 623 659 687; x_wconf 88' lang='lat' dir='ltr'>neque</span> <span class='ocrx_word' id='word_1_36' title='bbox 681 623 773 670; x_wconf 89' lang='lat' dir='ltr'>suam</span> <span class='ocrx_word' id='word_1_37' title='bbox 795 607 862 687; x_wconf 89' lang='lat' dir='ltr'>pati</span> <span class='ocrx_word' id='word_1_38' title='bbox 886 606 1084 688; x_wconf 90' lang='lat' dir='ltr'>dignitatem,</span> <span class='ocrx_word' id='word_1_39' title='bbox 1115 612 1152 670; x_wconf 92' lang='lat' dir='ltr'>ut</span> <span class='ocrx_word' id='word_1_40' title='bbox 1178 605 1275 670; x_wconf 88' lang='lat' dir='ltr'>tantis</span> <span class='ocrx_word' id='word_1_41' title='bbox 1297 603 1395 684; x_wconf 88' lang='lat' dir='ltr'>copiis</span> <span class='ocrx_word' id='word_1_42' title='bbox 1455 593 1456 638; x_wconf 66' lang='lat'>³</span> 
     </span>
     <span class='ocr_line' id='line_1_6' title="bbox 231 709 1395 793; baseline -0.003 -17"><span class='ocrx_word' id='word_1_43' title='bbox 231 718 298 776; x_wconf 86' lang='lat' dir='ltr'>tom</span> <span class='ocrx_word' id='word_1_44' title='bbox 329 713 473 792; x_wconf 85' lang='lat' dir='ltr'>exiguam</span> <span class='ocrx_word' id='word_1_45' title='bbox 505 729 633 776; x_wconf 92' lang='lat' dir='ltr'>manum</span> <span class='ocrx_word' id='word_1_46' title='bbox 664 712 853 792; x_wconf 88' lang='lat' dir='ltr'>praesertim</span> <span class='ocrx_word' id='word_1_47' title='bbox 884 709 1056 793; x_wconf 82' lang='lat' dir='ltr'>fugientem</span> <span class='ocrx_word' id='word_1_48' title='bbox 1087 716 1183 793; x_wconf 86' lang='lat' dir='ltr'>atque</span> <span class='ocrx_word' id='word_1_49' title='bbox 1211 709 1395 793; x_wconf 74' lang='lat' dir='ltr'>impeditam</span> 
     </span>
     <span class='ocr_line' id='line_1_7' title="bbox 231 814 1395 900; baseline -0.003 -18"><span class='ocrx_word' id='word_1_50' title='bbox 231 817 348 882; x_wconf 90' lang='lat' dir='ltr'>adoriri</span> <span class='ocrx_word' id='word_1_51' title='bbox 370 835 433 883; x_wconf 92' lang='lat' dir='ltr'>non</span> <span class='ocrx_word' id='word_1_52' title='bbox 457 817 604 897; x_wconf 89' lang='lat' dir='ltr'>audeaut,</span> <span class='ocrx_word' id='word_1_53' title='bbox 628 814 743 882; x_wconf 87' lang='lat' dir='ltr'>fiumen</span> <span class='ocrx_word' id='word_1_54' title='bbox 767 817 953 884; x_wconf 79' lang='lat' dir='ltr'>transireat</span> <span class='ocrx_word' id='word_1_55' title='bbox 974 818 1080 900; x_wconf 86' lang='lat' dir='ltr'>iniquo</span> <span class='ocrx_word' id='word_1_56' title='bbox 1104 817 1173 884; x_wconf 89' lang='lat' dir='ltr'>loeo</span> <span class='ocrx_word' id='word_1_57' title='bbox 1197 816 1395 883; x_wconf 87' lang='lat' dir='ltr'>committere</span> 
     </span>
    </p>

    <p class='ocr_par' dir='ltr' id='par_1_3' title="bbox 197 921 1456 1110">
     <span class='ocr_line' id='line_1_8' title="bbox 197 921 1456 1006; baseline 0.001 -23"><span class='ocrx_word' id='word_1_58' title='bbox 197 932 214 983; x_wconf 85' lang='lat'><strong>2</strong></span> <span class='ocrx_word' id='word_1_59' title='bbox 233 921 388 1004; x_wconf 90' lang='lat' dir='ltr'>proelium</span> <span class='ocrx_word' id='word_1_60' title='bbox 404 940 465 988; x_wconf 90' lang='lat' dir='ltr'>non</span> <span class='ocrx_word' id='word_1_61' title='bbox 482 922 637 990; x_wconf 85' lang='lat' dir='ltr'>dubitant.</span> <span class='ocrx_word' id='word_1_62' title='bbox 669 921 759 1000; x_wconf 87' lang='lat' dir='ltr'>Quae</span> <span class='ocrx_word' id='word_1_63' title='bbox 774 921 840 989; x_wconf 87' lang='lat' dir='ltr'>fore</span> <span class='ocrx_word' id='word_1_64' title='bbox 855 924 1035 1006; x_wconf 86' lang='lat' dir='ltr'>suspicatus</span> <span class='ocrx_word' id='word_1_65' title='bbox 1050 923 1218 1003; x_wconf 86' lang='lat' dir='ltr'>Labienus,</span> <span class='ocrx_word' id='word_1_66' title='bbox 1235 927 1271 986; x_wconf 92' lang='lat' dir='ltr'>ut</span> <span class='ocrx_word' id='word_1_67' title='bbox 1286 937 1397 986; x_wconf 91' lang='lat' dir='ltr'>omnes</span> <span class='ocrx_word' id='word_1_68' title='bbox 1455 987 1456 1004; x_wconf 54' lang='lat'>,</span> 
     </span>
     <span class='ocr_line' id='line_1_9' title="bbox 231 1019 1456 1108; baseline -0.002 -15"><span class='ocrx_word' id='word_1_69' title='bbox 231 1029 312 1093; x_wconf 90' lang='lat' dir='ltr'>citra</span> <span class='ocrx_word' id='word_1_70' title='bbox 340 1025 455 1093; x_wconf 88' lang='lat' dir='ltr'>flumen</span> <span class='ocrx_word' id='word_1_71' title='bbox 478 1027 616 1107; x_wconf 91' lang='lat' dir='ltr'>eliceret,</span> <span class='ocrx_word' id='word_1_72' title='bbox 651 1028 760 1094; x_wconf 91' lang='lat' dir='ltr'>eadem</span> <span class='ocrx_word' id='word_1_73' title='bbox 789 1046 865 1094; x_wconf 90' lang='lat' dir='ltr'>usus</span> <span class='ocrx_word' id='word_1_74' title='bbox 893 1027 1093 1094; x_wconf 81' lang='lat' dir='ltr'>simulatione</span> <span class='ocrx_word' id='word_1_75' title='bbox 1122 1028 1243 1094; x_wconf 92' lang='lat' dir='ltr'>itineris</span> <span class='ocrx_word' id='word_1_76' title='bbox 1273 1025 1398 1108; x_wconf 82' lang='lat' dir='ltr'>placide</span> <span class='ocrx_word' id='word_1_77' title='bbox 1455 1019 1456 1094; x_wconf 79' lang='lat' dir='ltr'>l</span> 
     </span>
    </p>

    <p class='ocr_par' dir='ltr' id='par_1_4' title="bbox 195 1117 1456 1236">
     <span class='ocr_line' id='line_1_10' title="bbox 195 1130 1397 1216; baseline 0 -24"><span class='ocrx_word' id='word_1_78' title='bbox 195 1141 212 1192; x_wconf 84' lang='lat' dir='ltr'>s</span> <span class='ocrx_word' id='word_1_79' title='bbox 230 1132 502 1215; x_wconf 90' lang='lat' dir='ltr'>progrediebatur.</span> <span class='ocrx_word' id='word_1_80' title='bbox 548 1132 628 1197; x_wconf 89' lang='lat' dir='ltr'>Tum</span> <span class='ocrx_word' id='word_1_81' title='bbox 644 1133 828 1216; x_wconf 80' lang='lat' dir='ltr'>praemissis</span> <span class='ocrx_word' id='word_1_82' title='bbox 843 1132 975 1216; x_wconf 90' lang='lat' dir='ltr'>paulum</span> <span class='ocrx_word' id='word_1_83' title='bbox 997 1131 1230 1216; x_wconf 86' lang='lat' dir='ltr'>impedimentis</span> <span class='ocrx_word' id='word_1_84' title='bbox 1252 1136 1351 1212; x_wconf 87' lang='lat' dir='ltr'>atque</span> <span class='ocrx_word' id='word_1_85' title='bbox 1366 1130 1397 1193; x_wconf 94' lang='lat' dir='ltr'>in</span> 
     </span>
    </p>

    <p class='ocr_par' dir='ltr' id='par_1_5' title="bbox 192 1220 1456 2060">
     <span class='ocr_line' id='line_1_11' title="bbox 229 1220 1395 1321; baseline -0.002 -19"><span class='ocrx_word' id='word_1_86' title='bbox 229 1236 352 1303; x_wconf 89' lang='lat' dir='ltr'>tomulo</span> <span class='ocrx_word' id='word_1_87' title='bbox 367 1238 503 1319; x_wconf 90' lang='lat' dir='ltr'>quodam</span> <span class='ocrx_word' id='word_1_88' title='bbox 520 1236 694 1316; x_wconf 89' lang='lat' dir='ltr'>collocatis,</span> <span class='ocrx_word' id='word_1_89' title='bbox 717 1220 859 1318; x_wconf 82' lang='lat' dir='ltr'>Habetis,</span> <span class='ocrx_word' id='word_1_90' title='bbox 875 1239 987 1321; x_wconf 88' lang='lat' dir='ltr'>inquit,</span> <span class='ocrx_word' id='word_1_91' title='bbox 1003 1238 1132 1314; x_wconf 79' lang='lat' dir='ltr'>milites,</span> <span class='ocrx_word' id='word_1_92' title='bbox 1149 1256 1245 1318; x_wconf 79' lang='lat' dir='ltr'>poam</span> <span class='ocrx_word' id='word_1_93' title='bbox 1253 1235 1395 1316; x_wconf 82' lang='lat' dir='ltr'>petistis,</span> 
     </span>
     <span class='ocr_line' id='line_1_12' title="bbox 227 1342 1396 1428; baseline -0.003 -22"><span class='ocrx_word' id='word_1_94' title='bbox 227 1342 430 1425; x_wconf 78' lang='lat' dir='ltr'>facultatem:</span> <span class='ocrx_word' id='word_1_95' title='bbox 452 1344 572 1409; x_wconf 83' lang='lat' dir='ltr'>bostem</span> <span class='ocrx_word' id='word_1_96' title='bbox 587 1343 739 1424; x_wconf 82' lang='lat' dir='ltr'>impedito</span> <span class='ocrx_word' id='word_1_97' title='bbox 755 1349 850 1428; x_wconf 79' lang='lat' dir='ltr'>atque</span> <span class='ocrx_word' id='word_1_98' title='bbox 864 1345 975 1426; x_wconf 78' lang='lat' dir='ltr'>iniquo</span> <span class='ocrx_word' id='word_1_99' title='bbox 998 1344 1063 1409; x_wconf 88' lang='lat' dir='ltr'>loco</span> <span class='ocrx_word' id='word_1_100' title='bbox 1079 1343 1209 1417; x_wconf 70' lang='lat' dir='ltr'>tenetis·</span> <span class='ocrx_word' id='word_1_101' title='bbox 1228 1345 1396 1422; x_wconf 82' lang='lat' dir='ltr'>praestate</span> 
     </span>
     <span class='ocr_line' id='line_1_13' title="bbox 194 1447 1396 1533; baseline -0.001 -23"><span class='ocrx_word' id='word_1_102' title='bbox 194 1459 212 1510; x_wconf 84' lang='lat'>4</span> <span class='ocrx_word' id='word_1_103' title='bbox 230 1447 361 1513; x_wconf 66' lang='lat' dir='ltr'>eandm</span> <span class='ocrx_word' id='word_1_104' title='bbox 382 1449 475 1514; x_wconf 81' lang='lat' dir='ltr'>nobis</span> <span class='ocrx_word' id='word_1_105' title='bbox 497 1449 631 1514; x_wconf 69' lang='lat' dir='ltr'>oratos</span> <span class='ocrx_word' id='word_1_106' title='bbox 651 1451 810 1529; x_wconf 64' lang='lat' dir='ltr'>oimutem,</span> <span class='ocrx_word' id='word_1_107' title='bbox 834 1471 930 1533; x_wconf 77' lang='lat' dir='ltr'>quom</span> <span class='ocrx_word' id='word_1_108' title='bbox 952 1468 1178 1530; x_wconf 79' lang='lat' dir='ltr'>saepenumero</span> <span class='ocrx_word' id='word_1_109' title='bbox 1201 1447 1396 1528; x_wconf 74' lang='lat' dir='ltr'>imperatori</span> 
     </span>
     <span class='ocr_line' id='line_1_14' title="bbox 225 1550 1456 1638; baseline -0.003 -22"><span class='ocrx_word' id='word_1_110' title='bbox 225 1553 448 1635; x_wconf 77' lang='lat' dir='ltr'>praestitistis,</span> <span class='ocrx_word' id='word_1_111' title='bbox 477 1560 571 1638; x_wconf 77' lang='lat' dir='ltr'>etque</span> <span class='ocrx_word' id='word_1_112' title='bbox 593 1555 685 1620; x_wconf 84' lang='lat' dir='ltr'>illum</span> <span class='ocrx_word' id='word_1_113' title='bbox 709 1555 821 1621; x_wconf 84' lang='lat' dir='ltr'>adesse</span> <span class='ocrx_word' id='word_1_114' title='bbox 848 1561 877 1622; x_wconf 88' lang='lat' dir='ltr'>et</span> <span class='ocrx_word' id='word_1_115' title='bbox 900 1553 977 1621; x_wconf 84' lang='lat' dir='ltr'>boec</span> <span class='ocrx_word' id='word_1_116' title='bbox 1001 1575 1106 1620; x_wconf 85' lang='lat' dir='ltr'>coram</span> <span class='ocrx_word' id='word_1_117' title='bbox 1129 1572 1257 1620; x_wconf 67' lang='lat' dir='ltr'>cerame</span> <span class='ocrx_word' id='word_1_118' title='bbox 1280 1550 1394 1617; x_wconf 76' lang='lat' dir='ltr'>eoeistr&#39;-</span> <span class='ocrx_word' id='word_1_119' title='bbox 1455 1593 1456 1612; x_wconf 46' lang='lat' dir='ltr'>t</span> 
     </span>
     <span class='ocr_line' id='line_1_15' title="bbox 194 1654 1395 1743; baseline -0.001 -22"><span class='ocrx_word' id='word_1_120' title='bbox 194 1667 211 1720; x_wconf 79' lang='lat' dir='ltr'>t</span> <span class='ocrx_word' id='word_1_121' title='bbox 229 1665 321 1723; x_wconf 82' lang='lat' dir='ltr'>moto.</span> <span class='ocrx_word' id='word_1_122' title='bbox 365 1658 466 1724; x_wconf 84' lang='lat' dir='ltr'>Simul</span> <span class='ocrx_word' id='word_1_123' title='bbox 488 1662 580 1743; x_wconf 89' lang='lat' dir='ltr'>signa</span> <span class='ocrx_word' id='word_1_124' title='bbox 595 1661 636 1726; x_wconf 94' lang='lat' dir='ltr'>ad</span> <span class='ocrx_word' id='word_1_125' title='bbox 658 1661 780 1726; x_wconf 89' lang='lat' dir='ltr'>hostem</span> <span class='ocrx_word' id='word_1_126' title='bbox 798 1654 947 1727; x_wconf 83' lang='lat' dir='ltr'>converti</span> <span class='ocrx_word' id='word_1_127' title='bbox 955 1661 1118 1742; x_wconf 82' lang='lat' dir='ltr'>aciemque</span> <span class='ocrx_word' id='word_1_128' title='bbox 1134 1659 1235 1738; x_wconf 83' lang='lat' dir='ltr'>derigi</span> <span class='ocrx_word' id='word_1_129' title='bbox 1257 1657 1349 1722; x_wconf 92' lang='lat' dir='ltr'>iubet</span> <span class='ocrx_word' id='word_1_130' title='bbox 1364 1663 1395 1721; x_wconf 87' lang='lat' dir='ltr'>et</span> 
     </span>
     <span class='ocr_line' id='line_1_16' title="bbox 228 1762 1456 1859; baseline -0.003 -29"><span class='ocrx_word' id='word_1_131' title='bbox 228 1766 338 1847; x_wconf 89' lang='lat' dir='ltr'>paucis</span> <span class='ocrx_word' id='word_1_132' title='bbox 354 1767 468 1859; x_wconf 79' lang='lat' dir='ltr'>turmis</span> <span class='ocrx_word' id='word_1_133' title='bbox 484 1766 643 1849; x_wconf 90' lang='lat' dir='ltr'>praesidio</span> <span class='ocrx_word' id='word_1_134' title='bbox 660 1767 702 1833; x_wconf 91' lang='lat' dir='ltr'>ad</span> <span class='ocrx_word' id='word_1_135' title='bbox 724 1768 950 1850; x_wconf 89' lang='lat' dir='ltr'>impedimenta</span> <span class='ocrx_word' id='word_1_136' title='bbox 966 1766 1103 1832; x_wconf 89' lang='lat' dir='ltr'>dimissis</span> <span class='ocrx_word' id='word_1_137' title='bbox 1119 1764 1256 1846; x_wconf 88' lang='lat' dir='ltr'>reliquos</span> <span class='ocrx_word' id='word_1_138' title='bbox 1271 1762 1395 1845; x_wconf 89' lang='lat' dir='ltr'>equites</span> <span class='ocrx_word' id='word_1_139' title='bbox 1455 1765 1456 1786; x_wconf 65' lang='lat'><em>³</em></span> 
     </span>
     <span class='ocr_line' id='line_1_17' title="bbox 192 1868 1392 1954; baseline 0 -24"><span class='ocrx_word' id='word_1_140' title='bbox 192 1871 272 1936; x_wconf 87' lang='lat' dir='ltr'>sad</span> <span class='ocrx_word' id='word_1_141' title='bbox 300 1870 402 1936; x_wconf 86' lang='lat' dir='ltr'>latera</span> <span class='ocrx_word' id='word_1_142' title='bbox 432 1873 581 1954; x_wconf 91' lang='lat' dir='ltr'>disponit.</span> <span class='ocrx_word' id='word_1_143' title='bbox 601 1914 604 1919; x_wconf 89' lang='lat'><em>-</em></span> <span class='ocrx_word' id='word_1_144' title='bbox 628 1871 784 1939; x_wconf 86' lang='lat' dir='ltr'>Celeriter</span> <span class='ocrx_word' id='word_1_145' title='bbox 812 1874 914 1938; x_wconf 90' lang='lat' dir='ltr'>nostri</span> <span class='ocrx_word' id='word_1_146' title='bbox 946 1872 1084 1938; x_wconf 85' lang='lat' dir='ltr'>clamore</span> <span class='ocrx_word' id='word_1_147' title='bbox 1114 1871 1239 1937; x_wconf 92' lang='lat' dir='ltr'>sublato</span> <span class='ocrx_word' id='word_1_148' title='bbox 1270 1869 1337 1950; x_wconf 87' lang='lat' dir='ltr'>pila</span> <span class='ocrx_word' id='word_1_149' title='bbox 1363 1868 1392 1932; x_wconf 88' lang='lat' dir='ltr'>in</span> 
     </span>
     <span class='ocr_line' id='line_1_18' title="bbox 228 1973 1391 2060; baseline -0.003 -20"><span class='ocrx_word' id='word_1_150' title='bbox 228 1975 337 2041; x_wconf 91' lang='lat' dir='ltr'>hostes</span> <span class='ocrx_word' id='word_1_151' title='bbox 352 1978 536 2044; x_wconf 89' lang='lat' dir='ltr'>immittunt.</span> <span class='ocrx_word' id='word_1_152' title='bbox 575 1978 633 2057; x_wconf 91' lang='lat' dir='ltr'>llli,</span> <span class='ocrx_word' id='word_1_153' title='bbox 657 1977 712 2043; x_wconf 91' lang='lat' dir='ltr'>obi</span> <span class='ocrx_word' id='word_1_154' title='bbox 728 1983 857 2060; x_wconf 87' lang='lat' dir='ltr'>praeter</span> <span class='ocrx_word' id='word_1_155' title='bbox 873 1995 970 2060; x_wconf 90' lang='lat' dir='ltr'>spem,</span> <span class='ocrx_word' id='word_1_156' title='bbox 992 1995 1070 2060; x_wconf 87' lang='lat' dir='ltr'>quos</span> <span class='ocrx_word' id='word_1_157' title='bbox 1086 1976 1194 2058; x_wconf 87' lang='lat' dir='ltr'>fogere</span> <span class='ocrx_word' id='word_1_158' title='bbox 1209 1973 1391 2051; x_wconf 87' lang='lat' dir='ltr'>credebaut,</span> 
     </span>
    </p>

    <p class='ocr_par' dir='ltr' id='par_1_6' title="bbox 166 2079 1456 2167">
     <span class='ocr_line' id='line_1_19' title="bbox 166 2079 1456 2167; baseline -0.003 -21"><span class='ocrx_word' id='word_1_159' title='bbox 166 2096 171 2107; x_wconf 79' lang='grc'><em>“</em></span> <span class='ocrx_word' id='word_1_160' title='bbox 228 2079 351 2147; x_wconf 79' lang='lat' dir='ltr'>infestis</span> <span class='ocrx_word' id='word_1_161' title='bbox 380 2084 478 2166; x_wconf 88' lang='lat' dir='ltr'>signis</span> <span class='ocrx_word' id='word_1_162' title='bbox 505 2083 545 2148; x_wconf 91' lang='lat' dir='ltr'>ad</span> <span class='ocrx_word' id='word_1_163' title='bbox 577 2103 611 2148; x_wconf 91' lang='lat' dir='ltr'>se</span> <span class='ocrx_word' id='word_1_164' title='bbox 641 2085 687 2150; x_wconf 91' lang='lat' dir='ltr'>ire</span> <span class='ocrx_word' id='word_1_165' title='bbox 717 2086 878 2164; x_wconf 89' lang='lat' dir='ltr'>viderunt,</span> <span class='ocrx_word' id='word_1_166' title='bbox 912 2083 1067 2167; x_wconf 89' lang='lat' dir='ltr'>impetum</span> <span class='ocrx_word' id='word_1_167' title='bbox 1099 2083 1191 2148; x_wconf 93' lang='lat' dir='ltr'>modo</span> <span class='ocrx_word' id='word_1_168' title='bbox 1220 2081 1305 2146; x_wconf 88' lang='lat' dir='ltr'>ferre</span> <span class='ocrx_word' id='word_1_169' title='bbox 1333 2097 1391 2144; x_wconf 93' lang='lat' dir='ltr'>non</span> <span class='ocrx_word' id='word_1_170' title='bbox 1455 2081 1456 2166; x_wconf 66' lang='grc' dir='ltr'>ξ</span> 
     </span>
    </p>

    <p class='ocr_par' dir='ltr' id='par_1_7' title="bbox 194 2185 1456 2389">
     <span class='ocr_line' id='line_1_20' title="bbox 228 2185 1389 2273; baseline -0.003 -21"><span class='ocrx_word' id='word_1_171' title='bbox 228 2191 401 2269; x_wconf 90' lang='lat' dir='ltr'>potuerunt</span> <span class='ocrx_word' id='word_1_172' title='bbox 423 2206 461 2254; x_wconf 86' lang='lat' dir='ltr'>ao</span> <span class='ocrx_word' id='word_1_173' title='bbox 483 2191 585 2270; x_wconf 90' lang='lat' dir='ltr'>primo</span> <span class='ocrx_word' id='word_1_174' title='bbox 610 2208 764 2256; x_wconf 85' lang='lat' dir='ltr'>concursu</span> <span class='ocrx_word' id='word_1_175' title='bbox 786 2191 819 2256; x_wconf 92' lang='lat' dir='ltr'>in</span> <span class='ocrx_word' id='word_1_176' title='bbox 841 2188 949 2273; x_wconf 87' lang='lat' dir='ltr'>fugam</span> <span class='ocrx_word' id='word_1_177' title='bbox 967 2191 1100 2256; x_wconf 90' lang='lat' dir='ltr'>coniecti</span> <span class='ocrx_word' id='word_1_178' title='bbox 1114 2189 1273 2271; x_wconf 86' lang='lat' dir='ltr'>proximas</span> <span class='ocrx_word' id='word_1_179' title='bbox 1298 2185 1389 2250; x_wconf 89' lang='lat' dir='ltr'>silvas</span> 
     </span>
     <span class='ocr_line' id='line_1_21' title="bbox 194 2293 1384 2379; baseline 0.006 -27"><span class='ocrx_word' id='word_1_180' title='bbox 194 2294 398 2376; x_wconf 78' lang='lat' dir='ltr'>specierum.</span> <span class='ocrx_word' id='word_1_181' title='bbox 445 2293 530 2371; x_wconf 81' lang='lat' dir='ltr'>Quos</span> <span class='ocrx_word' id='word_1_182' title='bbox 546 2294 705 2360; x_wconf 87' lang='lat' dir='ltr'>Labienus</span> <span class='ocrx_word' id='word_1_183' title='bbox 728 2296 873 2378; x_wconf 88' lang='lat' dir='ltr'>equitatu</span> <span class='ocrx_word' id='word_1_184' title='bbox 897 2301 1097 2362; x_wconf 89' lang='lat' dir='ltr'>consectatus</span> <span class='ocrx_word' id='word_1_185' title='bbox 1121 2315 1235 2379; x_wconf 90' lang='lat' dir='ltr'>magno</span> <span class='ocrx_word' id='word_1_186' title='bbox 1259 2315 1384 2364; x_wconf 90' lang='lat' dir='ltr'>numero</span> 
     </span>
    </p>

    <p class='ocr_par' dir='ltr' id='par_1_8' title="bbox 227 2397 1456 2488">
     <span class='ocr_line' id='line_1_22' title="bbox 227 2397 1456 2488; baseline 0.004 -24"><span class='ocrx_word' id='word_1_187' title='bbox 227 2397 402 2481; x_wconf 84' lang='lat' dir='ltr'>interfecto,</span> <span class='ocrx_word' id='word_1_188' title='bbox 419 2400 633 2485; x_wconf 89' lang='lat' dir='ltr'>compluribus</span> <span class='ocrx_word' id='word_1_189' title='bbox 643 2403 744 2485; x_wconf 87' lang='lat' dir='ltr'>captis</span> <span class='ocrx_word' id='word_1_190' title='bbox 754 2404 863 2485; x_wconf 89' lang='lat' dir='ltr'>paucis</span> <span class='ocrx_word' id='word_1_191' title='bbox 875 2408 948 2484; x_wconf 90' lang='lat' dir='ltr'>post</span> <span class='ocrx_word' id='word_1_192' title='bbox 964 2402 1076 2468; x_wconf 87' lang='lat' dir='ltr'>diebus</span> <span class='ocrx_word' id='word_1_193' title='bbox 1089 2403 1248 2468; x_wconf 88' lang='lat' dir='ltr'>civitatem</span> <span class='ocrx_word' id='word_1_194' title='bbox 1260 2405 1386 2488; x_wconf 90' lang='lat' dir='ltr'>recepit.</span> <span class='ocrx_word' id='word_1_195' title='bbox 1455 2412 1456 2415; x_wconf 76' lang='grc'>’</span> 
     </span>
    </p>

    <p class='ocr_par' dir='ltr' id='par_1_9' title="bbox 192 2504 1456 2705">
     <span class='ocr_line' id='line_1_23' title="bbox 227 2504 1390 2593; baseline 0.004 -24"><span class='ocrx_word' id='word_1_196' title='bbox 227 2504 309 2569; x_wconf 90' lang='lat' dir='ltr'>Nam</span> <span class='ocrx_word' id='word_1_197' title='bbox 325 2504 486 2585; x_wconf 82' lang='lat' dir='ltr'>Germani,</span> <span class='ocrx_word' id='word_1_198' title='bbox 510 2508 564 2588; x_wconf 91' lang='lat' dir='ltr'>qui</span> <span class='ocrx_word' id='word_1_199' title='bbox 581 2507 697 2574; x_wconf 84' lang='lat' dir='ltr'>auxilio</span> <span class='ocrx_word' id='word_1_200' title='bbox 713 2508 893 2589; x_wconf 78' lang='lat' dir='ltr'>veniebant,</span> <span class='ocrx_word' id='word_1_201' title='bbox 916 2514 1067 2591; x_wconf 89' lang='lat' dir='ltr'>percepta</span> <span class='ocrx_word' id='word_1_202' title='bbox 1083 2508 1291 2575; x_wconf 85' lang='lat' dir='ltr'>Treverorum</span> <span class='ocrx_word' id='word_1_203' title='bbox 1316 2510 1390 2593; x_wconf 87' lang='lat' dir='ltr'>fuga</span> 
     </span>
     <span class='ocr_line' id='line_1_24' title="bbox 192 2599 1456 2705; baseline 0.009 -36"><span class='ocrx_word' id='word_1_204' title='bbox 192 2617 296 2675; x_wconf 83' lang='lat' dir='ltr'>ssese</span> <span class='ocrx_word' id='word_1_205' title='bbox 319 2611 445 2676; x_wconf 92' lang='lat' dir='ltr'>domum</span> <span class='ocrx_word' id='word_1_206' title='bbox 467 2620 664 2694; x_wconf 90' lang='lat' dir='ltr'>receperunt.</span> <span class='ocrx_word' id='word_1_207' title='bbox 711 2611 791 2678; x_wconf 85' lang='lat' dir='ltr'>Cum</span> <span class='ocrx_word' id='word_1_208' title='bbox 821 2613 871 2678; x_wconf 90' lang='lat' dir='ltr'>his</span> <span class='ocrx_word' id='word_1_209' title='bbox 899 2606 1067 2695; x_wconf 71' lang='lat' dir='ltr'>pdopinqui</span> <span class='ocrx_word' id='word_1_210' title='bbox 1089 2599 1307 2698; x_wconf 86' lang='lat' dir='ltr'>Indutiomari,</span> <span class='ocrx_word' id='word_1_211' title='bbox 1341 2616 1389 2699; x_wconf 88' lang='lat' dir='ltr'>qui</span> <span class='ocrx_word' id='word_1_212' title='bbox 1455 2702 1456 2705; x_wconf 8' lang='grc' dir='ltr'><strong>Ἴ</strong></span> 
     </span>
    </p>
   </div>
   <div class='ocr_carea' id='block_1_3' title="bbox 228 2708 1456 2881">
    <p class='ocr_par' dir='ltr' id='par_1_10' title="bbox 228 2708 1456 2881">
     <span class='ocr_line' id='line_1_25' title="bbox 228 2708 1456 2803; baseline 0.005 -22"><span class='ocrx_word' id='word_1_213' title='bbox 228 2714 411 2782; x_wconf 88' lang='lat' dir='ltr'>delectionis</span> <span class='ocrx_word' id='word_1_214' title='bbox 427 2724 574 2783; x_wconf 87' lang='lat' dir='ltr'>auctores</span> <span class='ocrx_word' id='word_1_215' title='bbox 589 2718 724 2803; x_wconf 84' lang='lat' dir='ltr'>fueraut,</span> <span class='ocrx_word' id='word_1_216' title='bbox 747 2718 886 2784; x_wconf 89' lang='lat' dir='ltr'>comitati</span> <span class='ocrx_word' id='word_1_217' title='bbox 902 2737 956 2784; x_wconf 92' lang='lat' dir='ltr'>eos</span> <span class='ocrx_word' id='word_1_218' title='bbox 976 2737 1015 2784; x_wconf 84' lang='lat' dir='ltr'>ex</span> <span class='ocrx_word' id='word_1_219' title='bbox 1032 2720 1159 2785; x_wconf 87' lang='lat' dir='ltr'>civitate</span> <span class='ocrx_word' id='word_1_220' title='bbox 1175 2728 1388 2787; x_wconf 82' lang='lat' dir='ltr'>excesserunt.</span> <span class='ocrx_word' id='word_1_221' title='bbox 1455 2708 1456 2787; x_wconf 59' lang='lat' dir='ltr'>J</span> 
     </span>
     <span class='ocr_line' id='line_1_26' title="bbox 1455 2830 1456 2881; baseline 0 0"><span class='ocrx_word' id='word_1_222' title='bbox 1455 2830 1456 2881; x_wconf 82' lang='lat' dir='ltr'>l</span> 
     </span>
    </p>
   </div>
   <div class='ocr_carea' id='block_1_4' title="bbox 360 2895 490 2903">
    <p class='ocr_par' dir='ltr' id='par_1_11' title="bbox 360 2895 490 2903">
     <span class='ocr_line' id='line_1_27' title="bbox 360 2895 490 2903; baseline 0.015 -3"><span class='ocrx_word' id='word_1_223' title='bbox 360 2895 490 2903; x_wconf 65' lang='lat'>————.</span> 
     </span>
    </p>
   </div>
   <div class='ocr_carea' id='block_1_5' title="bbox 134 2972 1456 4281">
    <p class='ocr_par' dir='ltr' id='par_1_12' title="bbox 172 2972 1456 3225">
     <span class='ocr_line' id='line_1_28' title="bbox 209 2972 1456 3051; baseline 0.003 -18"><span class='ocrx_word' id='word_1_224' title='bbox 209 2979 234 3033; x_wconf 84' lang='grc'>8.</span> <span class='ocrx_word' id='word_1_225' title='bbox 256 2983 278 3033; x_wconf 90' lang='lat' dir='ltr'>l.</span> <span class='ocrx_word' id='word_1_226' title='bbox 289 2979 577 3047; x_wconf 82' lang='lat' dir='ltr'>speratomproedom,</span> <span class='ocrx_word' id='word_1_227' title='bbox 589 2980 754 3051; x_wconf 85' lang='lat' dir='ltr'>dieBagage</span> <span class='ocrx_word' id='word_1_228' title='bbox 844 2983 868 3035; x_wconf 80' lang='lat' dir='ltr'>b.</span> <span class='ocrx_word' id='word_1_229' title='bbox 888 2981 995 3047; x_wconf 81' lang='lat' dir='ltr'>tarmis,</span> <span class='ocrx_word' id='word_1_230' title='bbox 1017 2981 1060 3037; x_wconf 89' lang='lat' dir='ltr'>die</span> <span class='ocrx_word' id='word_1_231' title='bbox 1074 2980 1239 3037; x_wconf 83' lang='lat' dir='ltr'>Schwadron</span> <span class='ocrx_word' id='word_1_232' title='bbox 1251 2982 1345 3039; x_wconf 77' lang='lat' dir='ltr'>athlie</span> <span class='ocrx_word' id='word_1_233' title='bbox 1357 2986 1390 3037; x_wconf 79' lang='lat'>33</span> <span class='ocrx_word' id='word_1_234' title='bbox 1455 2972 1456 3019; x_wconf 60' lang='grc' dir='ltr'><em>ἕ</em></span> 
     </span>
     <span class='ocr_line' id='line_1_29' title="bbox 175 3058 1456 3135; baseline 0.003 -14"><span class='ocrx_word' id='word_1_235' title='bbox 175 3067 222 3121; x_wconf 88' lang='lat' dir='ltr'>des</span> <span class='ocrx_word' id='word_1_236' title='bbox 235 3067 464 3135; x_wconf 87' lang='lat' dir='ltr'>ganzenHoeres.</span> <span class='ocrx_word' id='word_1_237' title='bbox 478 3097 510 3107; x_wconf 96' lang='lat'><em>—</em></span> <span class='ocrx_word' id='word_1_238' title='bbox 526 3068 685 3135; x_wconf 80' lang='lat' dir='ltr'>perterritis</span> <span class='ocrx_word' id='word_1_239' title='bbox 696 3069 753 3123; x_wconf 88' lang='lat' dir='ltr'>Ro·</span> <span class='ocrx_word' id='word_1_240' title='bbox 808 3069 911 3124; x_wconf 89' lang='lat' dir='ltr'>Reiter.</span> <span class='ocrx_word' id='word_1_241' title='bbox 1455 3058 1456 3061; x_wconf 23' lang='lat'>¹</span> 
     </span>
     <span class='ocr_line' id='line_1_30' title="bbox 172 3155 1388 3225; baseline 0.003 -18"><span class='ocrx_word' id='word_1_242' title='bbox 172 3156 270 3220; x_wconf 74' lang='lat' dir='ltr'>morib,</span> <span class='ocrx_word' id='word_1_243' title='bbox 289 3155 341 3213; x_wconf 92' lang='lat' dir='ltr'>abl.</span> <span class='ocrx_word' id='word_1_244' title='bbox 354 3156 440 3210; x_wconf 92' lang='lat' dir='ltr'>absol.</span> <span class='ocrx_word' id='word_1_245' title='bbox 454 3185 488 3195; x_wconf 89' lang='lat'>-</span> <span class='ocrx_word' id='word_1_246' title='bbox 502 3172 588 3225; x_wconf 76' lang='lat' dir='ltr'>neque</span> <span class='ocrx_word' id='word_1_247' title='bbox 600 3173 678 3211; x_wconf 83' lang='lat' dir='ltr'>suom</span> <span class='ocrx_word' id='word_1_248' title='bbox 690 3158 756 3225; x_wconf 82' lang='lat' dir='ltr'>poti</span> <span class='ocrx_word' id='word_1_249' title='bbox 844 3160 869 3211; x_wconf 90' lang='grc'>6.</span> <span class='ocrx_word' id='word_1_250' title='bbox 887 3156 995 3224; x_wconf 69' lang='lat' dir='ltr'>infestis</span> <span class='ocrx_word' id='word_1_251' title='bbox 1012 3156 1113 3225; x_wconf 80' lang='lat' dir='ltr'>sipnts,</span> <span class='ocrx_word' id='word_1_252' title='bbox 1138 3158 1182 3221; x_wconf 88' lang='lat' dir='ltr'>die</span> <span class='ocrx_word' id='word_1_253' title='bbox 1207 3158 1388 3214; x_wconf 81' lang='lat' dir='ltr'>Feldreicheo</span> 
     </span>
    </p>

    <p class='ocr_par' dir='ltr' id='par_1_13' title="bbox 134 3243 1456 3576">
     <span class='ocr_line' id='line_1_31' title="bbox 134 3243 1456 3311; baseline 0.002 -14"><span class='ocrx_word' id='word_1_254' title='bbox 134 3252 142 3271; x_wconf 88' lang='lat'><strong>·</strong></span> <span class='ocrx_word' id='word_1_255' title='bbox 173 3243 343 3311; x_wconf 71' lang='lat' dir='ltr'>dignitatem,</span> <span class='ocrx_word' id='word_1_256' title='bbox 363 3249 403 3301; x_wconf 82' lang='lat' dir='ltr'>ot.</span> <span class='ocrx_word' id='word_1_257' title='bbox 440 3244 604 3302; x_wconf 74' lang='lat' dir='ltr'>wietos.</span> <span class='ocrx_word' id='word_1_258' title='bbox 625 3251 638 3299; x_wconf 91' lang='lat'>1</span> <span class='ocrx_word' id='word_1_259' title='bbox 659 3246 755 3309; x_wconf 79' lang='lat' dir='ltr'>baec.</span> <span class='ocrx_word' id='word_1_260' title='bbox 808 3245 920 3299; x_wconf 86' lang='lat' dir='ltr'>worden</span> <span class='ocrx_word' id='word_1_261' title='bbox 943 3252 1026 3300; x_wconf 90' lang='lat' dir='ltr'>unter</span> <span class='ocrx_word' id='word_1_262' title='bbox 1054 3245 1114 3300; x_wconf 88' lang='lat' dir='ltr'>dem</span> <span class='ocrx_word' id='word_1_263' title='bbox 1135 3245 1235 3301; x_wconf 75' lang='lat' dir='ltr'>Solunte</span> <span class='ocrx_word' id='word_1_264' title='bbox 1262 3246 1312 3301; x_wconf 90' lang='lat' dir='ltr'>der</span> <span class='ocrx_word' id='word_1_265' title='bbox 1334 3250 1388 3299; x_wconf 90' lang='lat' dir='ltr'>An·</span> <span class='ocrx_word' id='word_1_266' title='bbox 1455 3270 1456 3277; x_wconf 17' lang='grc' dir='ltr'><strong>κ</strong></span> 
     </span>
     <span class='ocr_line' id='line_1_32' title="bbox 172 3331 1456 3405; baseline 0.004 -20"><span class='ocrx_word' id='word_1_267' title='bbox 172 3332 244 3387; x_wconf 89' lang='lat' dir='ltr'>nach</span> <span class='ocrx_word' id='word_1_268' title='bbox 257 3331 317 3386; x_wconf 91' lang='lat' dir='ltr'>dem</span> <span class='ocrx_word' id='word_1_269' title='bbox 327 3333 556 3401; x_wconf 85' lang='lat' dir='ltr'>verneintenpati</span> <span class='ocrx_word' id='word_1_270' title='bbox 569 3332 632 3401; x_wconf 87' lang='lat' dir='ltr'>,ut“</span> <span class='ocrx_word' id='word_1_271' title='bbox 642 3340 754 3401; x_wconf 85' lang='lat' dir='ltr'>gesetzt.</span> <span class='ocrx_word' id='word_1_272' title='bbox 808 3333 946 3401; x_wconf 85' lang='lat' dir='ltr'>tesignani</span> <span class='ocrx_word' id='word_1_273' title='bbox 965 3333 1013 3388; x_wconf 92' lang='lat' dir='ltr'>der</span> <span class='ocrx_word' id='word_1_274' title='bbox 1030 3332 1225 3389; x_wconf 86' lang='lat' dir='ltr'>Schlachtlinie</span> <span class='ocrx_word' id='word_1_275' title='bbox 1244 3350 1388 3403; x_wconf 75' lang='lat' dir='ltr'>vorausge</span> <span class='ocrx_word' id='word_1_276' title='bbox 1455 3348 1456 3405; x_wconf 63' lang='lat' dir='ltr'>t</span> 
     </span>
     <span class='ocr_line' id='line_1_33' title="bbox 174 3419 1326 3489; baseline 0.002 -18"><span class='ocrx_word' id='word_1_277' title='bbox 174 3448 206 3457; x_wconf 96' lang='lat'>-</span> <span class='ocrx_word' id='word_1_278' title='bbox 225 3419 385 3487; x_wconf 82' lang='lat' dir='ltr'>impeditam</span> <span class='ocrx_word' id='word_1_279' title='bbox 403 3421 754 3488; x_wconf 87' lang='lat' dir='ltr'>=subsarcinis,cl.11.</span> <span class='ocrx_word' id='word_1_280' title='bbox 808 3429 916 3489; x_wconf 85' lang='lat' dir='ltr'>tragon.</span> <span class='ocrx_word' id='word_1_281' title='bbox 946 3450 975 3461; x_wconf 89' lang='lat'>-·</span> <span class='ocrx_word' id='word_1_282' title='bbox 999 3421 1208 3480; x_wconf 82' lang='lat' dir='ltr'>morlo...oos</span> <span class='ocrx_word' id='word_1_283' title='bbox 1235 3444 1266 3468; x_wconf 86' lang='lat'>==</span> <span class='ocrx_word' id='word_1_284' title='bbox 1293 3440 1326 3477; x_wconf 85' lang='lat' dir='ltr'>rre</span> 
     </span>
     <span class='ocr_line' id='line_1_34' title="bbox 175 3508 1387 3576; baseline 0.003 -17"><span class='ocrx_word' id='word_1_285' title='bbox 175 3508 215 3560; x_wconf 90' lang='grc'>17.</span> <span class='ocrx_word' id='word_1_286' title='bbox 234 3510 251 3561; x_wconf 83' lang='grc'>2</span> <span class='ocrx_word' id='word_1_287' title='bbox 270 3508 341 3563; x_wconf 88' lang='lat' dir='ltr'>hano</span> <span class='ocrx_word' id='word_1_288' title='bbox 360 3509 410 3563; x_wconf 91' lang='lat' dir='ltr'>sub</span> <span class='ocrx_word' id='word_1_289' title='bbox 428 3509 553 3563; x_wconf 86' lang='lat' dir='ltr'>sarcinis.</span> <span class='ocrx_word' id='word_1_290' title='bbox 808 3508 921 3576; x_wconf 76' lang='lat' dir='ltr'>quidem.</span> <span class='ocrx_word' id='word_1_291' title='bbox 965 3508 1018 3564; x_wconf 90' lang='lat' dir='ltr'>Die</span> <span class='ocrx_word' id='word_1_292' title='bbox 1037 3510 1170 3565; x_wconf 87' lang='lat' dir='ltr'>Treverer</span> <span class='ocrx_word' id='word_1_293' title='bbox 1189 3512 1311 3566; x_wconf 87' lang='lat' dir='ltr'>konnten</span> <span class='ocrx_word' id='word_1_294' title='bbox 1337 3512 1387 3565; x_wconf 90' lang='lat' dir='ltr'>den</span> 
     </span>
    </p>

    <p class='ocr_par' dir='ltr' id='par_1_14' title="bbox 172 3595 1456 3933">
     <span class='ocr_line' id='line_1_35' title="bbox 208 3595 1388 3667; baseline 0.003 -19"><span class='ocrx_word' id='word_1_295' title='bbox 208 3598 233 3649; x_wconf 85' lang='lat'>2.</span> <span class='ocrx_word' id='word_1_296' title='bbox 252 3595 344 3649; x_wconf 83' lang='lat' dir='ltr'>eodem</span> <span class='ocrx_word' id='word_1_297' title='bbox 361 3612 430 3649; x_wconf 82' lang='lat' dir='ltr'>osus</span> <span class='ocrx_word' id='word_1_298' title='bbox 442 3597 617 3650; x_wconf 83' lang='lat' dir='ltr'>simulatione</span> <span class='ocrx_word' id='word_1_299' title='bbox 634 3596 753 3663; x_wconf 77' lang='lat' dir='ltr'>itineris,</span> <span class='ocrx_word' id='word_1_300' title='bbox 807 3596 917 3665; x_wconf 82' lang='lat' dir='ltr'>Angriff</span> <span class='ocrx_word' id='word_1_301' title='bbox 937 3598 1014 3651; x_wconf 91' lang='lat' dir='ltr'>nicht</span> <span class='ocrx_word' id='word_1_302' title='bbox 1032 3598 1193 3667; x_wconf 83' lang='lat' dir='ltr'>ansbalten,</span> <span class='ocrx_word' id='word_1_303' title='bbox 1222 3600 1388 3666; x_wconf 85' lang='lat' dir='ltr'>gesohweige</span> 
     </span>
     <span class='ocr_line' id='line_1_36' title="bbox 172 3683 1085 3761; baseline 0.004 -24"><span class='ocrx_word' id='word_1_304' title='bbox 172 3683 309 3738; x_wconf 88' lang='lat' dir='ltr'>Labienus</span> <span class='ocrx_word' id='word_1_305' title='bbox 323 3691 409 3738; x_wconf 86' lang='lat' dir='ltr'>setzte</span> <span class='ocrx_word' id='word_1_306' title='bbox 422 3684 753 3754; x_wconf 85' lang='lat' dir='ltr'>seinenScheinrilokzug,</span> <span class='ocrx_word' id='word_1_307' title='bbox 807 3685 855 3738; x_wconf 89' lang='lat' dir='ltr'>ihu</span> <span class='ocrx_word' id='word_1_308' title='bbox 874 3686 1085 3761; x_wconf 76' lang='lat' dir='ltr'>zurdckrreisen.</span> 
     </span>
     <span class='ocr_line' id='line_1_37' title="bbox 172 3771 1456 3853; baseline 0.001 -28"><span class='ocrx_word' id='word_1_309' title='bbox 172 3771 295 3826; x_wconf 84' lang='lat' dir='ltr'>welches</span> <span class='ocrx_word' id='word_1_310' title='bbox 321 3787 351 3825; x_wconf 90' lang='lat' dir='ltr'>er</span> <span class='ocrx_word' id='word_1_311' title='bbox 377 3772 447 3826; x_wconf 90' lang='lat' dir='ltr'>nach</span> <span class='ocrx_word' id='word_1_312' title='bbox 476 3788 498 3827; x_wconf 86' lang='lat' dir='ltr'>c.</span> <span class='ocrx_word' id='word_1_313' title='bbox 522 3777 546 3828; x_wconf 87' lang='lat'>7.</span> <span class='ocrx_word' id='word_1_314' title='bbox 570 3776 587 3827; x_wconf 83' lang='lat'><strong>9</strong></span> <span class='ocrx_word' id='word_1_315' title='bbox 611 3774 754 3841; x_wconf 89' lang='lat' dir='ltr'>begonnen</span> <span class='ocrx_word' id='word_1_316' title='bbox 844 3778 868 3828; x_wconf 87' lang='lat'>7.</span> <span class='ocrx_word' id='word_1_317' title='bbox 887 3774 1023 3828; x_wconf 83' lang='lat' dir='ltr'>ciuitatem</span> <span class='ocrx_word' id='word_1_318' title='bbox 1042 3773 1150 3841; x_wconf 80' lang='lat' dir='ltr'>recepit,</span> <span class='ocrx_word' id='word_1_319' title='bbox 1170 3774 1227 3829; x_wconf 92' lang='lat' dir='ltr'>soil.</span> <span class='ocrx_word' id='word_1_320' title='bbox 1244 3776 1272 3829; x_wconf 91' lang='lat' dir='ltr'>in</span> <span class='ocrx_word' id='word_1_321' title='bbox 1293 3773 1386 3830; x_wconf 90' lang='lat' dir='ltr'>dediti·</span> <span class='ocrx_word' id='word_1_322' title='bbox 1455 3828 1456 3853; x_wconf 18' lang='grc' dir='ltr'>ἦ</span> 
     </span>
     <span class='ocr_line' id='line_1_38' title="bbox 172 3859 895 3928; baseline 0.003 -15"><span class='ocrx_word' id='word_1_323' title='bbox 172 3860 261 3928; x_wconf 87' lang='lat' dir='ltr'>hatte,</span> <span class='ocrx_word' id='word_1_324' title='bbox 280 3859 346 3917; x_wconf 85' lang='lat' dir='ltr'>fort.</span> <span class='ocrx_word' id='word_1_325' title='bbox 808 3878 895 3917; x_wconf 90' lang='lat' dir='ltr'>onem.</span> 
     </span>
    </p>

    <p class='ocr_par' dir='ltr' id='par_1_15' title="bbox 170 3946 1456 4281">
     <span class='ocr_line' id='line_1_39' title="bbox 208 3946 1456 4017; baseline 0.002 -18"><span class='ocrx_word' id='word_1_326' title='bbox 208 3951 235 4004; x_wconf 85' lang='lat'>4.</span> <span class='ocrx_word' id='word_1_327' title='bbox 253 3947 331 3999; x_wconf 80' lang='lat' dir='ltr'>etium</span> <span class='ocrx_word' id='word_1_328' title='bbox 349 3946 451 4003; x_wconf 85' lang='lat' dir='ltr'>adesse.</span> <span class='ocrx_word' id='word_1_329' title='bbox 488 3948 575 4003; x_wconf 88' lang='lat' dir='ltr'>Unter</span> <span class='ocrx_word' id='word_1_330' title='bbox 593 3950 644 4004; x_wconf 91' lang='lat' dir='ltr'>den</span> <span class='ocrx_word' id='word_1_331' title='bbox 657 3952 754 4017; x_wconf 82' lang='lat' dir='ltr'>Augen</span> <span class='ocrx_word' id='word_1_332' title='bbox 842 3952 867 4003; x_wconf 87' lang='grc'>8.</span> <span class='ocrx_word' id='word_1_333' title='bbox 898 3965 957 4003; x_wconf 84' lang='lat' dir='ltr'>curo</span> <span class='ocrx_word' id='word_1_334' title='bbox 983 3950 1026 4004; x_wconf 80' lang='lat' dir='ltr'>lois</span> <span class='ocrx_word' id='word_1_335' title='bbox 1044 3990 1049 4003; x_wconf 93' lang='lat'><strong>.</strong></span> <span class='ocrx_word' id='word_1_336' title='bbox 1066 3990 1095 4005; x_wconf 92' lang='lat'>..</span> <span class='ocrx_word' id='word_1_337' title='bbox 1121 3950 1243 4003; x_wconf 86' lang='lat' dir='ltr'>comitati</span> <span class='ocrx_word' id='word_1_338' title='bbox 1266 3966 1318 4017; x_wconf 89' lang='lat' dir='ltr'>eos,</span> <span class='ocrx_word' id='word_1_339' title='bbox 1347 3949 1386 4001; x_wconf 90' lang='lat' dir='ltr'>sie</span> <span class='ocrx_word' id='word_1_340' title='bbox 1455 3968 1456 4017; x_wconf 64' lang='lat'><em>3</em></span> 
     </span>
     <span class='ocr_line' id='line_1_40' title="bbox 173 4031 1456 4107; baseline 0.001 -19"><span class='ocrx_word' id='word_1_341' title='bbox 173 4035 220 4088; x_wconf 90' lang='lat' dir='ltr'>des</span> <span class='ocrx_word' id='word_1_342' title='bbox 239 4033 454 4090; x_wconf 88' lang='lat' dir='ltr'>Oberleldherrn</span> <span class='ocrx_word' id='word_1_343' title='bbox 472 4031 607 4092; x_wconf 81' lang='lat' dir='ltr'>benissen</span> <span class='ocrx_word' id='word_1_344' title='bbox 633 4038 676 4093; x_wconf 90' lang='lat' dir='ltr'>die</span> <span class='ocrx_word' id='word_1_345' title='bbox 696 4038 754 4092; x_wconf 87' lang='lat' dir='ltr'>Sol·</span> <span class='ocrx_word' id='word_1_346' title='bbox 808 4053 894 4105; x_wconf 81' lang='lat' dir='ltr'>rogen</span> <span class='ocrx_word' id='word_1_347' title='bbox 913 4038 990 4093; x_wconf 90' lang='lat' dir='ltr'>nicht</span> <span class='ocrx_word' id='word_1_348' title='bbox 1009 4056 1061 4092; x_wconf 92' lang='lat' dir='ltr'>nur</span> <span class='ocrx_word' id='word_1_349' title='bbox 1079 4039 1253 4107; x_wconf 88' lang='lat' dir='ltr'>gleichzeitig</span> <span class='ocrx_word' id='word_1_350' title='bbox 1273 4040 1322 4093; x_wconf 91' lang='lat' dir='ltr'>mit</span> <span class='ocrx_word' id='word_1_351' title='bbox 1335 4037 1386 4091; x_wconf 89' lang='lat' dir='ltr'>den</span> <span class='ocrx_word' id='word_1_352' title='bbox 1455 4066 1456 4107; x_wconf 69' lang='lat'>,</span> 
     </span>
     <span class='ocr_line' id='line_1_41' title="bbox 172 4114 1456 4195; baseline -0.001 -19"><span class='ocrx_word' id='word_1_353' title='bbox 172 4123 252 4178; x_wconf 87' lang='lat' dir='ltr'>daton</span> <span class='ocrx_word' id='word_1_354' title='bbox 266 4124 326 4178; x_wconf 88' lang='lat' dir='ltr'>eine</span> <span class='ocrx_word' id='word_1_355' title='bbox 347 4124 470 4191; x_wconf 86' lang='lat' dir='ltr'>grblsere</span> <span class='ocrx_word' id='word_1_356' title='bbox 483 4126 654 4194; x_wconf 82' lang='lat' dir='ltr'>Tapterlreit,</span> <span class='ocrx_word' id='word_1_357' title='bbox 673 4126 706 4181; x_wconf 88' lang='lat' dir='ltr'>cl.</span> <span class='ocrx_word' id='word_1_358' title='bbox 719 4127 754 4181; x_wconf 90' lang='lat' dir='ltr'>Il.</span> <span class='ocrx_word' id='word_1_359' title='bbox 809 4126 961 4180; x_wconf 85' lang='lat' dir='ltr'>Germanou</span> <span class='ocrx_word' id='word_1_360' title='bbox 972 4127 1007 4180; x_wconf 90' lang='lat' dir='ltr'>ab</span> <span class='ocrx_word' id='word_1_361' title='bbox 1021 4126 1092 4195; x_wconf 89' lang='lat' dir='ltr'>(cum</span> <span class='ocrx_word' id='word_1_362' title='bbox 1108 4126 1169 4195; x_wconf 87' lang='lat' dir='ltr'>his),</span> <span class='ocrx_word' id='word_1_363' title='bbox 1184 4126 1304 4181; x_wconf 89' lang='lat' dir='ltr'>sondern</span> <span class='ocrx_word' id='word_1_364' title='bbox 1319 4124 1385 4180; x_wconf 90' lang='lat' dir='ltr'>auch</span> <span class='ocrx_word' id='word_1_365' title='bbox 1455 4114 1456 4183; x_wconf 70' lang='lat' dir='ltr'>l</span> 
     </span>
     <span class='ocr_line' id='line_1_42' title="bbox 170 4208 1456 4281; baseline 0.002 -16"><span class='ocrx_word' id='word_1_366' title='bbox 170 4214 215 4269; x_wconf 83' lang='lat'>25.</span> <span class='ocrx_word' id='word_1_367' title='bbox 233 4217 258 4266; x_wconf 84' lang='lat'>2.</span> <span class='ocrx_word' id='word_1_368' title='bbox 279 4213 338 4266; x_wconf 89' lang='lat' dir='ltr'>Vll.</span> <span class='ocrx_word' id='word_1_369' title='bbox 358 4216 400 4268; x_wconf 87' lang='grc'>62.</span> <span class='ocrx_word' id='word_1_370' title='bbox 420 4217 445 4267; x_wconf 86' lang='grc'>2.</span> <span class='ocrx_word' id='word_1_371' title='bbox 808 4215 857 4267; x_wconf 85' lang='lat' dir='ltr'>auf</span> <span class='ocrx_word' id='word_1_372' title='bbox 874 4213 1027 4269; x_wconf 85' lang='lat' dir='ltr'>demselben</span> <span class='ocrx_word' id='word_1_373' title='bbox 1046 4213 1141 4281; x_wconf 88' lang='lat' dir='ltr'>Wege.</span> <span class='ocrx_word' id='word_1_374' title='bbox 1455 4208 1456 4229; x_wconf 77' lang='lat'>³</span> 
     </span>
    </p>
   </div>
   <div class='ocr_carea' id='block_1_6' title="bbox 0 0 1472 4750">
    <p class='ocr_par' dir='ltr' id='par_1_16' title="bbox 0 0 1472 4750">
     <span class='ocr_line' id='line_1_43' title="bbox 0 0 1472 4750; baseline 0 1"><span class='ocrx_word' id='word_1_375' title='bbox 0 0 1472 4750; x_wconf 95' lang='lat' dir='ltr'> </span> 
     </span>
    </p>
   </div>
  </div>
 </body>
</html>
