2934 4750
128 199 136 211 ⁷
186 204 226 268 52
653 217 695 271 ne
713 216 787 271 selu
808 216 922 274 catrico.

238 377 394 442 quamque
409 361 442 425 in
457 360 697 442 amplitudinem
712 358 905 438 deduxisset,
930 351 1045 424 ut'non
1062 359 1164 424 solum
1184 360 1217 424 in
1234 361 1403 441 pristinum

236 473 358 532 statum
379 466 545 547 redissent,
568 467 624 530 sed
646 464 788 529 omnium
812 471 990 546 temporum
1014 465 1203 547 dignitatem
1219 471 1253 530 et
1268 467 1401 546 gratiam

236 575 446 641 antecessisse
468 571 660 637 viderentur.
705 568 764 634 His
789 570 874 635 datis
898 571 1056 637 mandatis
1080 589 1135 636 eos
1158 571 1200 636 ab
1224 589 1259 635 se
1273 571 1403 636 dimisit.

117 759 120 764 ,
201 696 215 744 1
342 683 393 746 55.
431 666 651 750 Noviodunum
666 681 735 740 erat
748 675 899 756 oppidum
914 675 1118 741 Haeduorum
1131 677 1173 742 ad
1186 678 1272 760 ripas
1283 679 1404 759 Ligeris

200 789 413 867 sopportuno
436 783 507 848 loco
528 783 677 863 positum.
722 781 793 846 Huc
817 779 937 846 Caesar
968 799 1079 848 onmes
1110 781 1237 848 obsides
1268 781 1403 859 Galliae,

234 891 437 968 frumentum,
460 888 625 971 pecuniam
647 885 818 968 publicam,
846 904 975 951 suorum
1001 891 1096 967 atque
1119 887 1278 953 exercitus
1306 888 1403 970 impe·

199 1014 215 1064 3
235 998 443 1062 dimentornm
460 1011 608 1075 maguam
624 998 753 1074 partem
773 991 971 1070 contulerat;
994 992 1055 1057 huc
1072 1011 1221 1074 magnum
1235 1011 1402 1058 numerum

235 1120 384 1184 equorum
409 1099 501 1164 huius
525 1098 598 1164 belli
622 1116 720 1164 cansa
743 1100 776 1162 in
799 1097 894 1162 ltalia
918 1103 1015 1179 atque
1039 1099 1195 1180 Hispania
1222 1104 1402 1180 coemptum

146 1224 148 1229 ’
198 1210 373 1274 amiserat.
419 1204 467 1270 Eo
490 1223 562 1270 cum
585 1204 783 1285 Eporedorix
807 1188 1088 1284 Viridomarusque
1111 1205 1272 1269 venissent
1296 1211 1331 1270 et
1363 1206 1402 1270 de

233 1319 320 1379 statu
344 1312 480 1377 civitatis
504 1301 743 1392 cognovissent,
770 1308 971 1375 Litaviccum
1000 1309 1152 1374 Bibracte
1186 1310 1227 1375 ab
1259 1311 1403 1376 Haeduis

132 1419 135 1423 ’
233 1422 406 1499 receptum,
430 1416 515 1497 quod
537 1420 588 1481 est
614 1415 765 1497 oppidum
795 1413 881 1496 apud
915 1431 970 1478 eos
1001 1414 1159 1480 maximae
1190 1417 1401 1494 auctoritatis,

233 1521 516 1589 Conuictolitauem
544 1520 765 1600 magistratum
794 1521 1011 1601 magnamque
1043 1525 1169 1602 partem
1200 1527 1333 1586 senatus
1361 1509 1399 1586 ad

232 1649 305 1696 enm
328 1627 522 1706 convenisse,
547 1626 672 1708 legatos
687 1625 728 1689 ad
745 1625 1041 1706 Vercingetorigem
1065 1625 1104 1690 de
1119 1643 1199 1707 pace
1213 1631 1246 1691 et
1261 1627 1400 1692 amicitia

231 1734 427 1800 concilianda
449 1731 573 1814 publice
596 1731 719 1810 missos,
743 1748 805 1795 non
832 1731 1154 1812 praetermittendum
1176 1734 1302 1796 tantum
1318 1751 1398 1798 com-

196 1852 212 1904 5
231 1841 359 1906 modum
374 1839 644 1904 existimaverunt.
697 1836 810 1917 ltaque
826 1834 998 1901 interiectis
1015 1835 1193 1902 Novioduni
1214 1839 1400 1903 custodibus

147 2010 155 2022 ,
231 1947 347 2028 quique
368 1934 406 2010 eo
429 1943 610 2024 negotiandi
633 1959 731 2007 causa
759 1947 982 2022 convenerant,
1007 1942 1173 2023 pecuniam
1190 1948 1286 2024 atque
1302 1951 1400 2025 equos

195 2054 313 2117 sister
336 2069 371 2116 se
394 2050 505 2132 partiti
528 2054 621 2126 sunt3
644 2047 771 2113 obsides
794 2048 962 2112 civitatum
985 2047 1134 2113 Bibracte
1158 2048 1199 2112 ad
1227 2049 1399 2128 magistra-

195 2164 299 2222 ttum
322 2140 522 2220 deducendos
545 2160 752 2231 curaverunt3
782 2153 942 2234 oppidum,
969 2152 1054 2233 quod
1082 2171 1102 2216 a
1132 2171 1178 2244 se·
1196 2155 1302 2218 teneri
1334 2173 1396 2218 nou

143 2346 145 2349 Ι
230 2279 323 2343 posse
355 2260 549 2341 iudicabant,
584 2278 624 2324 ne
654 2260 705 2324 cui
740 2264 829 2323 esset
867 2259 939 2324 usui
976 2257 1135 2337 Romanis,
1170 2258 1398 2336 incenderunt;

194 2366 379 2433 strumenti
402 2366 485 2447 quod
507 2366 612 2432 subito
643 2367 828 2447 potnerunt,
860 2363 993 2429 navibus
1025 2368 1208 2445 avexerunt,
1240 2364 1396 2447 reliquum

193 2471 357 2537 eflumine
380 2477 475 2553 atque
497 2471 643 2536 incendio
667 2476 890 2551 corruperunt.
934 2470 1002 2552 Ipsi
1024 2488 1062 2535 ex
1086 2468 1226 2564 finitimis
1259 2474 1397 2553 regioni·

229 2580 289 2644 bus
311 2578 419 2660 copias
443 2595 563 2658 cogere,
588 2577 746 2657 praesidia
771 2576 997 2657 custodiasque
1021 2576 1061 2640 ad
1085 2576 1170 2656 ripas
1194 2576 1319 2659 Ligeris
1336 2578 1399 2643 dis-

227 2700 345 2765 ponere
380 2683 620 2764 equitatumque
660 2682 806 2746 omnibus
840 2679 928 2746 locis.
947 2664 1105 2747 'iniciendi
1137 2682 1261 2746 timoris
1300 2701 1399 2748 causa

228 2796 390 2856 ostentare
414 2793 596 2871 coeperunt,
620 2788 648 2853 si
671 2788 711 2853 ab
735 2807 769 2852 re
792 2786 1002 2851 frumentaria
1033 2786 1192 2852 Romanos
1226 2788 1397 2854 excludere

178 2949 226 2959 μ--κ

105 3034 121 3126 ,’
174 3051 260 3104 ritate
302 3066 368 3104 usus
405 3057 479 3105 esset
508 3049 689 3118 valetudinis,
726 3057 758 3102 ut
811 3046 894 3102 ποθ.
914 3035 1232 3119 dasGeptcir'gelassen
1254 3048 1340 3117 hatte,
1359 3049 1395 3103 cf.

175 3137 756 3206 annistrigintamedicinanouindiguisset.
810 3152 833 3189 c.
854 3139 894 3189 10.
914 3137 940 3189 4.
1046 3140 1049 3143 ’
1230 3130 1232 3134 ’
1361 3138 1368 3151 ·

176 3256 206 3265 -
228 3226 347 3279 omnium
372 3230 522 3291 temporum
548 3225 706 3293 dignitatem
730 3230 756 3278 et
844 3227 869 3277 4.
889 3220 1030 3289 Bibracte,
1043 3221 1396 3292 Hauptstadtdeerdurr

157 3313 302 3383 ¹pretioso,
321 3313 371 3367 das
391 3314 522 3367 Anseben
540 3313 597 3366 und
616 3313 667 3367 deu
692 3312 754 3365 Ein·
809 3310 859 3365 auf
870 3311 931 3365 dem
944 3312 1022 3365 Mont
1036 3311 1171 3380 Beuuray‚
1184 3309 1219 3365 cf.
1232 3312 1258 3365 1:
1268 3313 1310 3365 23.
1323 3316 1346 3365 1.
1361 3340 1395 3351 -—

152 3440 155 3444 -
173 3401 245 3469 tots,
265 3400 317 3455 den
337 3400 378 3455 sie
393 3400 423 3468 je
436 3400 538 3468 gehabt
551 3401 648 3455 haben,
686 3400 754 3455 Dass
807 3398 1007 3467 magistratum,
1019 3399 1067 3453 der
1074 3398 1235 3465 Vergobret,
1246 3398 1279 3452 cf.
1288 3415 1311 3451 e.
1318 3402 1394 3455 323.

173 3490 201 3544 in
221 3488 361 3543 der-That
380 3487 438 3542 dies
458 3488 506 3542 der
520 3487 580 3541 Fall
599 3504 665 3553 war,
684 3489 756 3555 zeigt
844 3490 869 3541 5.
888 3484 1211 3552 interfectisNooiodtiui
1223 3484 1394 3551 custodibus,

174 3577 221 3631 vi.
243 3581 284 3630 12.
307 3578 332 3629 6.
357 3605 391 3615 -
417 3575 475 3627 His
501 3574 576 3629 dut-ia
605 3576 756 3643 mundatis,
810 3575 853 3628 die
872 3573 1260 3641 Bedeckungsmannschaften
1280 3574 1330 3628 der
1349 3580 1393 3626 ro·

128 3722 133 3731 ,
174 3663 233 3717 teil.
252 3662 296 3716 die
314 3662 428 3716 thuer
452 3663 481 3715 is
500 3662 589 3717 Trene
605 3678 693 3731 gegen
713 3663 757 3717 die
809 3662 931 3716 mischen
951 3662 1103 3730 Mogazine.

174 3751 276 3805 Romer
294 3767 330 3803 zu
348 3749 483 3805 erbalten.
845 3752 869 3804 7.
887 3750 1024 3814 frurncati
1042 3749 1124 3817 quod,
1143 3750 1211 3804 tiber
1230 3751 1305 3804 disse
1323 3748 1393 3804 Stel·

208 3838 261 3892 550'
282 3842 306 3891 1.
320 3835 515 3894 Noviodunum
526 3838 619 3907 (heuto
632 3838 758 3908 Nerers),
810 3838 876 3904 lung
895 3836 930 3891 ci.
957 3854 979 3892 c.
1004 3837 1054 3891 ΙΙΙ.
1082 3840 1123 3892 16.
1148 3840 1164 3890 2
1188 3838 1295 3892 navium
1319 3839 1392 3905 quod

128 3957 130 3963 ·
174 3924 254 3981 Stadt
279 3925 328 3981 der
346 3925 458 3979 thuer
483 3940 527 3979 am
552 3926 666 3981 rechten
689 3925 756 3980 Uter
809 3926 909 3993 ubique
927 3924 1068 3979 fuerat—
1080 3924 1170 3979 subito
1184 3926 1227 3993 ,in
1242 3925 1291 3979 dor
1303 3925 1395 3981 Eile“.

173 4013 222 4068 des
240 4011 335 4083 Liger,
355 4014 402 4068 bot
415 4013 757 4080 nichtnnrwegenseiner
846 4016 871 4067 9.
886 4013 1029 4081 praesidia
1049 4012 1248 4080 custodiusque,
1267 4014 1394 4081 grbisere

173 4101 248 4168 Lage
267 4102 328 4155 eine
341 4108 404 4171 gnte
418 4101 675 4169 Defensivstellung
694 4117 757 4155 son·
812 4088 911 4156 Posteri
929 4102 984 4155 und
995 4102 1126 4156 Wachen.
1139 4131 1173 4139 -
1186 4102 1212 4154 ai
1221 4116 1244 4169 .j.
1256 4143 1262 4156 .
1268 4110 1393 4169 possent,

173 4188 241 4242 dern
264 4205 321 4243 aar
348 4190 417 4244 auch
437 4191 480 4244 ein
499 4189 760 4257 Hauptetappenort
812 4189 963 4244 indirelrter
983 4190 1147 4257 Fragesatz,
1171 4189 1206 4243 cf.
1225 4189 1257 4244 Ε.
1277 4189 1304 4243 S.
1330 4193 1393 4245 281.

172 4277 306 4330 zuischen
335 4277 472 4345 Gergovia
499 4276 553 4331 und
579 4277 759 4345 Agedincum,
812 4282 837 4331 2.
857 4278 937 4331 Anm.
957 4277 983 4331 S.
1003 4278 1125 4356 W.3166.
1144 4278 1177 4331 A.
1196 4280 1213 4330 2
1231 4277 1297 4331 Zur.
