2934 4750
320 235 521 314 emmim
594 236 629 290 ra.
647 236 697 290 111.
735 237 847 292 ra-ao.

190 384 241 446 19.
267 378 368 443 Locus
384 384 456 443 erat
472 384 649 444 castrorum
664 377 769 444 editus
786 383 819 441 et
834 377 985 459 paulatim
1002 377 1043 442 ab
1058 377 1121 442 imo
1136 377 1262 442 acclivis
1285 391 1297 439 r

95 486 224 552 circiter
246 481 361 566 passus
384 484 480 552 mille.
518 484 590 548 Huc
605 501 720 565 magno
737 501 830 548 cuma
846 483 1085 560 contenderunt,
1112 489 1147 547 ut
1169 501 1263 564 quam

96 593 262 656 minimum
278 591 375 671 spatii
391 591 433 654 ad
449 608 483 654 se
499 589 692 671 colligendos
707 589 942 672 armandosque
957 589 1106 654 Romanis
1123 589 1262 670 daretur,

96 697 331 776 exanimatique
361 702 582 777 pervenerunt.
630 695 767 760 Sabinus
796 713 870 760 suos
894 694 1039 760 hortatus
1062 694 1263 777 cupientibus

98 803 227 884 signum
256 801 320 868 dat.
375 801 538 882 Impeditis
569 801 712 866 hostibus
746 807 878 882 propter
908 818 960 880 ea,
995 819 1075 881 quae
1110 800 1299 882 lerebauta

97 927 206 986 onera,
229 908 335 975 subito
359 907 483 972 duabus
506 909 608 988 portis
630 907 829 988 eruptionem
852 904 921 971 fieri
937 905 1034 972 iubet.
1065 907 1199 971 Factum
1215 913 1299 972 esta

98 1015 338 1096 opportunitate
352 1012 436 1087 loci,
468 1012 605 1077 hostiurn
634 1013 798 1078 inscientia
822 1031 859 1076 ac
882 1010 1116 1093 defetigatione,
1145 1013 1264 1076 virtute

100 1120 238 1184 militum
268 1126 301 1183 et
332 1118 532 1199 superiorum
562 1137 742 1201 pugnarum
770 1118 1003 1198 exercitatione,
1035 1123 1072 1180 ut
1100 1135 1141 1182 ne
1168 1136 1265 1182 unum

98 1226 237 1306 quidem
260 1231 439 1289 nostrorum
462 1225 617 1306 impetum
640 1223 761 1289 ferrent
784 1242 822 1288 ac
846 1224 953 1288 statim
978 1231 1070 1304 terga
1092 1229 1264 1290 verterent.

99 1332 189 1408 Quos
210 1331 378 1412 impeditos
400 1331 534 1413 integris
557 1331 677 1395 viribus
691 1329 808 1394 milites
825 1329 925 1394 nostri
941 1330 1102 1394 consecuti
1118 1346 1265 1411 magnum
1284 1340 1301 1390 4

100 1455 269 1501 nnmerum
291 1455 400 1502 eorum
424 1437 623 1512 occiderunt3
646 1435 785 1517 reliquos
811 1435 934 1516 equites
950 1437 1122 1500 consectati
1137 1453 1265 1516 paucos,

100 1544 157 1623 qni
185 1561 224 1607 ex
252 1541 329 1625 luga
356 1549 532 1621 evaserant,
563 1542 771 1624 reliquerunt.
818 1540 871 1606 Sic
901 1559 963 1606 uno
991 1547 1135 1622 ternpore
1164 1548 1197 1606 et
1227 1542 1301 1606 deo

101 1648 210 1714 navali
243 1667 350 1732 pugna
380 1648 517 1714 Sabinus
551 1653 584 1712 et
618 1647 658 1712 de
686 1647 797 1713 Sabini
829 1648 963 1712 victoria
997 1645 1117 1712 Caesar
1150 1646 1267 1712 certior

102 1754 207 1819 lactus
236 1759 294 1833 est,
329 1755 535 1834 civitatesque
565 1771 675 1818 omnes
706 1771 741 1819 se
771 1755 880 1817 statim
911 1751 1033 1816 Titurio
1068 1751 1266 1818 dediderunt.

105 1859 188 1924 Nam
209 1867 246 1925 ut
268 1861 310 1924 ad
333 1859 416 1926 bella
439 1859 641 1940 suscipienda
663 1857 829 1924 Gallorum
854 1857 959 1922 alacer
982 1876 1021 1922 ac
1036 1862 1202 1940 promptus
1218 1858 1304 1922 ests'

107 1966 238 2040 animus,
262 1967 308 2030 sic
330 1965 433 2030 mollis
457 1983 496 2029 ac
518 1965 646 2029 minime
664 1964 816 2028 resistens
831 1963 872 2026 ad
888 1962 1088 2028 calamitates
1104 1961 1267 2044 perferen-

105 2071 165 2136 das
187 2090 275 2136 mens
297 2089 407 2136 eorum
430 2075 489 2136 est.

195 2181 246 2240 20.
277 2175 395 2241 Eodem
423 2174 491 2240 iere
519 2184 662 2256 tempore
685 2173 816 2238 Publius
840 2171 988 2254 Crassus,
1022 2191 1093 2237 cum
1116 2173 1149 2237 in
1172 2173 1302 2254 Aqui-1

102 2282 226 2346 taniam
250 2283 454 2362 pervenisset,
477 2299 560 2362 quae
583 2299 668 2362 pars,
692 2283 728 2344 ut
751 2287 824 2344 ante
841 2279 1033 2357 dictumest,
1058 2284 1090 2342 et
1106 2279 1268 2360 regionum

102 2458 234 2513 victoria.
281 2456 434 2526 Explorato
458 2456 590 2511 ermittelt
615 2456 640 2510 d.
662 2454 689 2509 lu
779 2458 804 2511 6.
822 2454 942 2523 animoa,
962 2454 1011 2508 das
1026 2454 1124 2508 (lemna
1141 2453 1185 2508 ala
1199 2452 1257 2507 Sita
1273 2452 1322 2508 der

106 2544 256 2619 „gewilssso
744 2542 912 2611 Neigungeo,
931 2550 1016 2608 mena,
1036 2540 1079 2595 die
1098 2541 1215 2609 geistige
1231 2540 1323 2610 Krait‚

97 2659 124 2677 ι·
143 2634 190 2689 19.
219 2640 243 2687 1.
263 2633 297 2686 ab
314 2632 370 2686 imo
389 2632 498 2687 acclinia
517 2633 552 2687 ci.
571 2634 688 2687 ll.18.1
744 2614 1323 2695 welonodumhllberlegungdienlenaohen

106 2723 145 2777 alr
163 2738 266 2776 sommo
286 2721 409 2779 declivis.
429 2752 461 2762 -
486 2720 690 2788 exanimatique
744 2721 830 2775 leiten
854 2718 915 2774 soll.
953 2718 1054 2786 Mollis,
1079 2717 1215 2783 sennaab,
1240 2719 1323 2773 nach·

107 2810 182 2880 „und
201 2810 312 2865 daher“.
348 2811 385 2866 So
407 2810 507 2878 lrndplt
526 2808 620 2877 hauliq
637 2824 690 2877 qna
743 2808 843 2877 glebig‚
864 2806 947 2861 heilat
966 2805 1010 2860 die
1029 2820 1119 2869 mens,
1142 2804 1264 2859 insoles-o
1284 2808 1325 2861 sia

107 2898 159 2952 das
178 2898 315 2964 Ergebaia
333 2914 382 2952 aus
402 2898 463 2951 dem
481 2897 690 2964 Vorhergehen·
744 2897 802 2951 sich
826 2912 878 2949 ron
906 2894 958 2948 den
981 2894 1010 2963 je
1027 2894 1097 2947 naclr
1117 2893 1164 2947 der
1184 2894 1258 2961 lage
1276 2893 1325 2948 des

107 2987 162 3041 den
180 3000 225 3039 an.
243 2985 278 3041 ci.
296 3002 319 3039 c.
339 2988 383 3039 23.
402 2988 418 3038 ὅ
438 3000 632 3052 summamque.
744 2982 1117 3040 Menschenrerschiedenen
1131 2972 1325 3050 duruerungen

145 3077 170 3130 2.
195 3089 281 3128 onera
299 3074 357 3128 scil.
376 3073 543 3147 Reisigvund
561 3072 691 3128 Strauoh·
745 3073 794 3127 des
824 3073 930 3125 animus
961 3068 1149 3123 beherrsolren
1181 3068 1254 3127 larsa.
1293 3098 1323 3111 ·-

108 3164 193 3220 werk.
365 3172 370 3180 “
746 3160 853 3213 monime
876 3157 1011 3215 resistens.
1050 3156 1106 3211 Das
1126 3158 1228 3213 Partic.
1251 3158 1327 3214 steht

145 3252 171 3304 3.
183 3249 329 3302 imcientia
341 3248 399 3303 scil.
411 3249 451 3303 rei
465 3247 600 3311 militianm
621 3248 692 3303 deun
746 3250 808 3303 hier
822 3247 1005 3318 adjelrtiviscli
1017 3246 1071 3301 und
1082 3246 1241 3301 bezeichnet
1250 3247 1327 3302 nicht

108 3339 181 3394 nacla
199 3354 223 3393 c.
243 3341 285 3392 17.
303 3340 321 3390 4
344 3337 457 3392 bestand
477 3336 526 3390 das
544 3335 693 3391 ieindliclra
746 3340 809 3393 eine
827 3336 988 3403 Handlung,
1014 3334 1129 3389 sondern
1148 3336 1208 3389 eine
1227 3336 1327 3404 Fahig·

111 3428 185 3482 Hacr
213 3442 263 3481 aua
294 3426 372 3479 einer
401 3425 512 3493 grosseti
542 3423 612 3479 Zalrl
646 3442 692 3479 aa·
746 3427 805 3480 lreit
822 3425 864 3478 als
882 3421 1229 3491 bleibendeEigensohalt.
1251 3415 1328 3478 dhu-

112 3513 399 3581 sammengelauieuen
419 3513 575 3571 Gesindels.
600 3541 635 3553 -
661 3526 694 3566 aa
728 3539 731 3543 ·
747 3515 820 3569 licha
838 3512 943 3568 Urteila
961 3512 1029 3565 iiber
1047 3510 1100 3565 den
1112 3511 1262 3567 Charakter
1280 3513 1331 3569 der

110 3602 205 3657 statim
233 3602 370 3671 „sondern
398 3602 547 3671 aogleich“.
593 3600 695 3669 Handg
749 3601 854 3657 Gallier
873 3602 948 3655 nicht
967 3616 1020 3654 nur
1038 3599 1082 3653 lrei
1102 3600 1141 3666 0.,
1160 3599 1193 3653 cf.
1210 3616 1232 3654 c.
1247 3604 1288 3655 10.
1302 3604 1328 3671 3,

112 3691 173 3759 loga
200 3691 249 3745 das
274 3690 431 3759 steigernde
458 3706 491 3745 ac
519 3692 589 3744 nach
617 3691 695 3745 einer
749 3691 867 3747 sondern
898 3690 967 3743 auch
992 3688 1037 3742 bei
1066 3688 1185 3743 anderen
1213 3688 1329 3743 Schrift-

113 3778 253 3847 Negation
272 3779 323 3833 den
348 3778 500 3845 Gegensatz
524 3795 568 3833 an.
595 3777 630 3833 ci.
648 3778 695 3833 1v.
750 3779 872 3835 stellein.
891 3776 925 3832 cf.
945 3777 1003 3830 Lir.
1022 3776 1055 3830 X.
1075 3778 1116 3831 28.
1137 3778 1160 3829 4.

112 3870 157 3921 35.
175 3871 201 3925 2,
230 3866 262 3920 V.
281 3871 306 3923 5.
326 3870 349 3920 2.

149 3959 175 4010 4.
204 3954 278 4025 Quos
303 3994 309 4008 .
339 3996 346 4008 .
370 3995 377 4008 .
400 3970 529 4022 mapsam
556 3970 697 4007 numerum
727 3924 736 3943 ³
926 3918 1004 4003 Kap·
1027 3920 1156 3987 20‘27·

111 4057 206 4097 comm
224 4040 259 4100 ci.
272 4059 307 4096 au
321 4043 342 4097 l.
356 4047 398 4098 12.
410 4046 434 4097 3.
455 4071 489 4083 -
508 4044 556 4111 qai
573 4057 608 4095 ec
624 4042 696 4111 sapa
773 4040 996 4107 iinterwcrlung
1013 4038 1199 4107 Aquitanicus
1217 4040 1307 4096 duralr

112 4136 267 4185 macerant.
289 4132 474 4185 Diesewaren
488 4130 696 4185 beiderersten
759 4191 761 4195 ¹
948 4128 983 4183 P.
1002 4126 1131 4183 massus.

114 4220 288 4287 Verlolgnng
322 4219 405 4273 durch
437 4219 481 4273 die
511 4217 696 4287 Fulstruppen
749 4186 771 4218 ν
785 4204 1332 4293 20.1.Pcbliu30raasca.llberdiesan

114 4308 298 4362 entkommen.
752 4307 875 4374 Legaten
894 4305 928 4359 cl.
947 4322 981 4359 zu
1000 4306 1020 4359 1.
1040 4308 1083 4363 52.
1102 4306 1126 4361 7.
1155 4332 1188 4345 ·-
1218 4310 1250 4357 ut
1268 4309 1333 4357 calc

1194 4392 1226 4447 2*
