2934 4750
159 207 388 272 w..
548 195 900 274 ⁵nfflmm

213 380 251 426 eo
273 361 413 444 legiones
436 361 660 441 admovendas,
683 366 720 426 ut
743 362 904 427 discedere
927 380 964 426 cx
988 379 1026 426 eo
1050 360 1120 426 loco
1144 361 1212 426 sine
1234 361 1376 443 periculo

175 467 339 533 thurbari
365 467 520 533 militibus
549 466 741 532 instantibus
777 485 841 532 non
868 472 1009 550 possent.
1060 466 1119 545 Ita,
1152 485 1223 531 cunr
1258 467 1376 548 palude

210 573 363 654 impedita
385 591 405 636 a
429 573 542 639 castris
565 577 673 638 castra
695 573 794 638 dividi
816 572 947 653 videret,
970 590 1052 654 quae
1074 573 1264 637 transeundi
1294 571 1376 638 diiii-
1427 615 1430 620 -

188 663 191 667 ⁵
211 678 314 744 cultas
339 678 535 743 celeritatem
558 679 745 759 insequendi
768 679 896 744 tardare
924 683 1041 760 posset,
1072 682 1167 759 atque
1191 679 1224 743 id
1253 679 1371 761 iugum,

210 784 294 866 quod
317 790 405 850 trans
428 783 577 865 paludem
599 802 701 864 paene
723 783 764 847 ad
789 783 927 848 hostium
950 788 1056 848 castra
1072 784 1254 864 pertineret,
1279 784 1376 869 medi·

211 889 276 954 ocri
299 887 380 952 valle
403 907 423 952 a
447 888 560 953 castris
583 905 692 953 eorum
715 888 898 952 intercisum
914 888 1052 952 animum
1065 886 1258 968 adverteret,
1269 890 1373 970 ponti-

168 990 170 994 ’
211 994 269 1059 bus
291 993 406 1074 palude
429 996 593 1059 constrata
615 993 755 1074 legiones
778 993 917 1058 traducit
940 993 1146 1074 celeriterque
1168 993 1201 1056 in
1217 1010 1373 1060 summam

210 1099 375 1180 planiciem
398 1101 463 1180 iugi
478 1100 631 1180 pervenit,
647 1117 730 1180 quae
747 1099 861 1186 declivi
875 1097 1003 1182 fastigio
1020 1098 1142 1164 duobus
1159 1099 1201 1163 ab
1217 1099 1372 1164 lateribus

175 1216 191 1266 5
210 1203 419 1271 muniebatur.
465 1205 514 1270 lbi
535 1205 711 1286 legionibus
733 1205 900 1270 instructis
923 1204 963 1269 od
987 1204 1131 1268 ultimum
1163 1205 1272 1286 iugum
1302 1223 1374 1286 per·

210 1311 297 1375 venit
319 1311 481 1392 aciemque
504 1330 541 1375 eo
565 1298 635 1376 loco
659 1311 834 1390 constituit,
859 1311 942 1376 unde
966 1315 1126 1394 tormento
1149 1311 1246 1375 missa
1262 1310 1374 1376 telaiu

166 1456 170 1461 -
210 1415 348 1480 hostium
372 1434 488 1482 cuneos
512 1417 614 1481 conici
637 1421 778 1497 possent.
1037 1425 1041 1432 '

177 1533 189 1582 1
251 1583 253 1587 ,
322 1524 370 1589 15.
404 1520 539 1585 Barbari
567 1519 675 1586 contisi
702 1522 765 1586 loci
795 1527 919 1600 natura,
948 1539 1020 1584 cum
1053 1520 1203 1585 dimicare
1232 1538 1294 1584 non
1324 1539 1374 1585 rc-

177 1640 179 1644 ·
210 1631 370 1706 cusarent,
394 1627 422 1692 si
443 1625 524 1692 forte
548 1626 682 1692 Romani
704 1628 811 1692 subire
836 1625 947 1692 collem
971 1631 1176 1705 conarentur,
1200 1625 1372 1707 paulatim-

210 1749 270 1812 que
293 1732 402 1812 copias
426 1731 611 1796 distributas
636 1731 798 1797 dimittere
821 1750 883 1796 non
905 1736 1046 1813 possent,
1077 1748 1117 1796 ne
1140 1730 1277 1811 dispersi
1300 1749 1374 1813 per-

96 1843 101 1852 ·
174 1849 192 1897 2
210 1837 425 1919 turbarentur,
447 1837 480 1901 in
503 1839 571 1902 acie
593 1842 844 1919 permanserunt.
892 1837 1032 1915 Quorum
1056 1837 1232 1918 pertinacia
1248 1835 1375 1916 cognita

211 1941 329 2007 Caesar
350 1961 394 2007 xx
415 1942 599 2007 cohortibus
615 1944 777 2007 instructis
793 1943 968 2024 castrisque
984 1961 1021 2007 eo
1036 1942 1105 2009 loon
1118 1941 1245 2006 metatis
1257 1940 1374 2005 muniri

176 2060 191 2109 3
210 2049 299 2114 iubet
321 2055 437 2116 castra.
458 2039 463 2048 ’
483 2048 647 2114 Absolutis
670 2046 820 2129 operibus
842 2067 900 2131 pro
923 2047 1007 2113 vallo
1030 2047 1170 2128 legiones
1200 2048 1375 2112 instructas

174 2155 353 2233 tcollocat,
379 2155 501 2235 equites
526 2153 659 2219 frenatis
680 2155 770 2235 equis
793 2155 826 2219 in
849 2155 986 2218 statione
1009 2153 1158 2234 disponit.
1204 2152 1388 2232 Bellovaci„

211 2277 281 2324 cnm
304 2259 463 2323 Romanos
485 2259 526 2322 ad
548 2242 781 2340 insequendum
804 2265 935 2340 paratos
957 2257 1102 2322 viderent
1117 2275 1219 2338 neque
1240 2275 1373 2338 pernoc-

211 2369 281 2429 tare
303 2368 360 2427 aut
383 2363 500 2428 diutius
523 2384 711 2447 permanere
735 2365 803 2430 sine
827 2362 967 2447 periculo
990 2363 1100 2429 eodem
1129 2362 1198 2429 loco
1226 2367 1374 2444 possent,

175 2470 275 2535 stole
312 2469 477 2533 consilium
514 2471 563 2534 sui
596 2471 768 2551 recipiendi
803 2474 962 2553 ceperunt.
1007 2468 1123 2534 Fasces
1163 2487 1220 2550 per
1256 2486 1373 2534 manus

92 2753 94 2758 ,
192 2695 631 2764 4.patucetmpectca,cf.v11.
653 2699 693 2750 19.
719 2702 731 2749 l
806 2691 869 2751 'lb
908 2702 932 2751 l.
961 2696 1093 2750 dimicare
1120 2712 1177 2749 uon
1203 2703 1372 2761 recusarent,

156 2786 238 2854 palus
259 2784 379 2839 difficilis
398 2791 482 2852 atque
500 2783 638 2852 impedita.
658 2783 735 2836 -id
789 2785 865 2839 diese
885 2784 1084 2839 Konstruktiou
1107 2780 1193 2857 findet
1218 2784 1278 2838 sich
1303 2785 1374 2839 ench

157 2873 264 2941 iopam,
278 2872 350 2941 quod
362 2877 442 2925 troas
457 2871 587 2939 paludem
595 2887 685 2939 poene
697 2871 736 2925 od
788 2874 814 2927 h.
833 2873 911 2927 Alex.
935 2876 1005 2929 ll.3
1025 2879 1111 2927 totum
1138 2888 1208 2927 onus
1234 2874 1370 2927 sustinere

156 2960 275 3024 hostiam
291 2965 386 3014 castro
404 2961 569 3028 pertineret,
589 2960 638 3014 der
655 2961 736 3015 Mont
790 2978 845 3015 non
864 2961 1039 3025 recusabant;
1060 2961 1190 3015 unsicher
1208 2960 1260 3028 ist,
1289 2962 1324 3015 oh
1344 2961 1372 3015 G.

157 3048 254 3114 Collet,
272 3048 390 3102 welcher
403 3048 462 3102 sich
480 3049 516 3102 im
529 3048 615 3103 Oeten
633 3063 669 3101 an
683 3048 736 3101 den
789 3049 841 3107 111.
859 3052 902 3103 22.
922 3052 938 3102 3
957 3050 1026 3103 mori
1039 3056 1182 3103 recusaret
1194 3049 1374 3115 geschriehen

120 3147 123 3152 ’
156 3136 236 3190 Mont
250 3137 419 3190 Salat-Marc
435 3138 584 3192 anschlois.
599 3166 630 3175 -
643 3136 735 3203 pontt·
787 3138 842 3191 hat.
856 3138 1000 3201 -cottem,
1020 3137 1072 3191 den
1091 3136 1171 3190 Mont
1190 3136 1373 3191 Sciet-Marc.

157 3224 216 3289 bus,
227 3224 302 3278 diese
311 3224 436 3279 Brdckeu
447 3224 558 3278 worden
567 3240 617 3278 ans
625 3225 736 3278 Bbclren
788 3254 822 3264 -
829 3224 967 3292 paulatim
976 3226 1012 3279 ist
1023 3242 1058 3279 zu
1066 3224 1204 3279 dimittere
1214 3240 1248 3277 cu
1266 3225 1373 3279 slehen.

145 3310 290 3380 'gebildet,
318 3312 420 3366 welche
445 3314 495 3366 mit
513 3313 619 3367 Bohlen
646 3313 737 3380 belegt
791 3342 822 3352 -
841 3312 1006 3367 distributos
1026 3315 1070 3381 ,in
1088 3312 1301 3379 Abteilungen“.

60 3412 63 3418 ·
157 3391 276 3453 worden.
296 3428 327 3438 -
348 3400 533 3467 muniebatur,
553 3401 601 3456 des
618 3400 738 3469 Imperi,
786 3420 788 3425 ¹
824 3405 849 3454 2.
874 3400 1018 3454 instructis
1042 3402 1086 3469 „in
1113 3400 1374 3467 Schlachtordnung

157 3486 290 3541 wthrend
306 3489 356 3542 wir
373 3488 410 3541 im
424 3488 580 3543 Deutschen
600 3488 737 3543 dasPlns·
790 3488 930 3557 gestellt“,
948 3489 1048 3542 ebenso
1063 3504 1085 3543 c.
1106 3490 1148 3543 19.
1167 3491 1220 3541 20.
1240 3490 1283 3543 36.
1298 3492 1324 3543 l.
1340 3517 1371 3527 -

157 3576 308 3643 quamperf.
328 3582 437 3642 setzen,
466 3576 527 3629 weil
545 3576 594 3629 der
611 3576 736 3630 Zustand
789 3577 907 3641 metatis,
920 3577 1082 3644 passivisch,
1102 3576 1137 3630 cf.
1150 3575 1186 3630 ΙΙ.
1202 3578 1242 3629 19.
1258 3578 1274 3629 5
1288 3591 1373 3645 opere

155 3663 231 3717 nicht
250 3662 338 3717 durch
356 3664 418 3717 eine
431 3663 576 3731 Handlung
593 3664 744 3731 herbeige··
791 3665 921 3719 dimenso.

155 3751 736 3820 fbhrt,sondernursprdnglichnorhanden
825 3756 849 3806 3.
878 3752 979 3819 equites
1005 3750 1126 3818 frenatis
1151 3751 1245 3821 equis,
1274 3752 1372 3806 Reiter

154 3841 199 3906 ist,
218 3837 253 3892 c'l.
270 3838 293 3896 L
313 3841 356 3893 38.
375 3843 393 3892 4
410 3840 493 3908 idque
511 3849 613 3896 nature
626 3842 666 3896 sic
678 3857 735 3895 mu·
789 3841 839 3894 mit
858 3844 1020 3907 geztumteu
1033 3838 1161 3916 Pierden,
1180 3840 1206 3893 d.
1225 3840 1252 3895 h.
1265 3840 1370 3903 Reiter,

155 3926 292 3980 niebatur.
789 3927 892 3982 welche
917 3942 967 3981 zur
993 3926 1163 3995 Verfolgung
1187 3922 1370 3989 bercit'sindr

190 4000 1369 4083 wmmwmmmmmmmmwme

154 4102 236 4157 Raud
253 4103 302 4157 des
328 4104 442 4158 Platean
465 4105 512 4158 des
532 4106 611 4177 hient
637 4104 734 4159 collat.
789 4102 878 4157 taleae
905 4102 1001 4171 pedem
1034 4102 1131 4170 longae
1155 4101 1256 4157 ferreis
1282 4102 1370 4156 hamis

155 4229 188 4241 ..
234 4206 349 4257 cuneos,
395 4190 438 4245 die
484 4191 734 4260 dichtgedrtngten
787 4190 887 4245 infixis.

156 4276 277 4330 Massen.
514 4261 518 4268 ’
