2934 4750
554 191 615 245 nin.
633 191 653 244 1.
690 193 804 246 43-46.
1239 169 1281 230 63

14 337 15 396 f
81 335 209 414 reactus
229 352 294 397 unu
313 333 435 398 ceruit
450 337 479 398 et
493 332 577 413 quod
591 332 705 398 bellum
720 353 783 398 rau
799 330 952 408 intulerit,
975 330 1031 394 sed
1045 325 1228 410 defenderit.

14 455 15 464 ³
81 435 293 518 Semiusta
319 437 463 503 Galliam
485 439 607 504 acuisse
629 459 724 521 quam
743 437 900 519 pneuma
922 435 1113 500 Romaumu.
1137 432 1264 501 Nau-‘1

79 562 172 624 quam
195 547 269 609 aute
291 542 347 608 lac
369 550 495 624 tempus
518 543 688 608 exercitum
705 542 824 625 papuli
845 541 984 607 Romami
1004 539 1133 606 Galliae
1153 557 1230 618 pre-

78 647 200 713 etactae
231 649 350 728 fluibus
383 668 550 731 eqressum.
607 649 692 731 Quid
724 649 787 714 alli
820 647 934 713 uellet?
985 644 1051 713 Ger
1084 645 1120 708 iu
1152 663 1265 713 sauss

74 755 289 832 passessiones
315 754 460 820 reniret?
504 755 713 820 Provinciam
744 774 836 820 suam
870 751 953 817 hauc
981 769 1046 816 esse
1077 748 1229 826 Galliam,

77 859 157 923 sicut
185 858 279 924 illam
307 864 459 928 uestram.
511 859 552 926 Ut
585 860 651 942 ipsi
686 858 813 926 concedi
845 878 910 924 unu
945 862 1108 938 oporteret,
1144 854 1231 918 siim

77 970 202 1030 uestras
222 965 302 1044 dues
323 966 473 1046 impetum
493 967 622 1048 faceret,
646 966 693 1031 sic
714 966 789 1030 item
809 985 870 1030 uas
891 982 957 1030 esse
978 963 1114 1056 iniquas,
1147 957 1232 1043 quod

77 1070 110 1134 iu
136 1091 198 1136 suc
224 1071 295 1136 iure
321 1092 355 1136 se
382 1071 668 1152 interpellareums.
713 1069 804 1152 Quod
828 1071 950 1151 fratres
972 1068 1100 1133 Aeduos
1121 1064 1266 1147 appel-s

76 1175 157 1241 latas
181 1175 308 1254 diceret,
331 1197 395 1242 aaa
416 1195 450 1241 se
472 1182 537 1241 tam
559 1177 732 1242 barbarum
754 1196 853 1257 aeque
875 1180 941 1240 tam
963 1173 1144 1256 imperitum
1165 1191 1232 1236 esse
1306 1161 1312 1172 ⁴

14 1353 15 1376 χ
77 1303 195 1361 rerum,
218 1287 254 1346 ut
277 1301 341 1346 unu
363 1282 465 1362 sciret,
490 1302 589 1365 raeque
613 1281 693 1348 lello
715 1281 923 1365 Alemonam
940 1280 1088 1362 monium
1103 1276 1232 1342 Aeduos

14 1391 15 1436 Ψ
76 1388 234 1452 anauis
263 1387 423 1452 aemilium
454 1387 574 1466 tulisse,
607 1408 705 1470 aeque
727 1389 815 1468 ipsos
837 1387 874 1450 iu
895 1386 947 1451 liis
970 1382 1230 1460 cnuteuticuibus,

14 1549 15 1588 3
77 1513 156 1573 quas
180 1492 289 1558 Aedui
310 1513 413 1558 secam
435 1497 465 1558 et
486 1513 557 1560 cum
580 1491 738 1574 &quartis
758 1492 950 1570 habuissent,
974 1490 1099 1556 auxilia
1115 1487 1233 1571 papate·

14 1623 15 1626 ¹
77 1598 219 1662 Rauaaul
245 1619 320 1665 usos
347 1619 422 1665 esse.
480 1598 603 1664 Debere
628 1619 662 1664 sc
692 1599 854 1678 auspicari
882 1596 1035 1663 mmulata
1065 1597 1232 1662 Gaesarem
1252 1614 1285 1664 ιο

77 1703 237 1782 amicitia,
272 1703 356 1786 quad
384 1705 556 1770 caerulum
585 1705 622 1769 iu
647 1703 761 1769 Gallia
789 1705 918 1782 ualeat,
951 1703 1004 1768 sui
1032 1699 1233 1783 apprimutdi
1326 1763 1330 1773 ,

77 1829 177 1875 causa
205 1809 328 1876 tecue.
376 1809 438 1891 Qui
465 1810 530 1874 uisi
561 1809 690 1875 decedat
717 1815 811 1893 atque
837 1809 1008 1875 exereitum
1037 1807 1172 1873 deducat
1192 1825 1232 1871 ea
1253 1824 1282 1876 11

77 1913 126 1982 lis
149 1915 344 1999 rectoribus,
366 1936 434 1982 sese
456 1915 547 1980 illum
568 1935 632 1980 unu
650 1936 715 1996 pra
737 1914 849 1994 amica,
871 1915 928 1980 sed
940 1914 1027 1980 leste
1041 1912 1231 1978 latiturum.

79 2021 168 2102 Quod
191 2021 222 2086 si
244 2042 314 2087 eum
336 2022 547 2103 interfecerit,
571 2021 680 2088 multis
703 2040 770 2087 sese
791 2020 949 2086 mobilibus
967 2017 1232 2101 priudpilusque
1252 2037 1285 2087 12

76 2127 192 2209 papuli
206 2126 347 2192 Romami
361 2133 490 2212 aratum
505 2149 573 2194 esse
592 2127 772 2210 facturam:
795 2127 831 2192 id
846 2127 1032 2208 ecclipsis
1048 2145 1111 2206 per
1127 2141 1233 2188 mrum

78 2234 209 2299 nautius
239 2239 430 2315 compertam
458 2234 587 2314 latere,
626 2253 760 2317 eumaem
793 2233 934 2298 murium
966 2231 1107 2315 aratiam
1140 2234 1233 2308 atque

79 2338 256 2407 amicitiam
279 2339 348 2407 eius
370 2343 467 2407 marte
489 2339 642 2406 reduuere
659 2343 779 2421 posset.
824 2338 965 2420 Quodsi
987 2330 1183 2404 discessisset
1205 2339 1234 2399 et
1254 2356 1286 2407 13

79 2444 213 2511 liberam
236 2447 469 2527 possessiouem
494 2446 623 2513 Galliae
644 2446 708 2511 sili
729 2445 926 2524 tradidisset,
949 2460 1065 2527 maana
1086 2461 1120 2508 se
1141 2441 1234 2505 illum

75 2553 222 2631 praemia
244 2558 521 2619 remuneraturum
543 2558 580 2631 et,
610 2572 820 2634 quaecumque
841 2551 924 2617 bella
943 2552 1014 2635 aeri
1035 2548 1137 2627 uellet,
1166 2548 1235 2612 siue

80 2656 144 2722 allo
169 2658 237 2723 eius
260 2657 368 2722 talare
390 2663 419 2722 et
436 2658 582 2739 pericula
607 2660 828 2739 confecturum.

169 2769 222 2831 45.
256 2764 357 2829 Multa
379 2764 419 2828 ab
442 2762 577 2830 Caesare
593 2765 625 2828 in
641 2783 710 2829 eam
726 2762 916 2829 sententiam
932 2762 1112 2840 dictasunt,
1137 2778 1234 2841 qnare
1254 2780 1268 2828 1

114 2961 140 3011 6.
161 2954 312 3024 defenderit
330 2956 358 3011 in
377 2957 659 3026 sainereigentlichcn
713 2957 870 3012 3111-
894 2969 952 3008 unu
964 2967 1020 3020 pra
1038 2951 1124 3005 amica
1141 2950 1189 3005 sed
1205 2951 1288 3017 laste,

82 3044 245 3112 Bedeutung
265 3043 454 3111 „abwehren“.
538 3064 540 3071 ’
712 3044 742 3098 in
760 3043 948 3113 disjnnktiven
960 3042 1061 3096 Satzen
1073 3039 1160 3094 findet
1171 3039 1231 3093 sich
1243 3054 1288 3106 ge·

115 3137 142 3187 8.
162 3131 231 3200 quid
242 3132 296 3186 sili
307 3132 390 3187 cedd.
410 3134 466 3189 Dar
478 3134 538 3189 Dat.
552 3133 659 3189 ethicus
712 3132 850 3188 wdhnlich
868 3138 945 3187 sonat
963 3130 1007 3185 die
1025 3128 1199 3198 Praeposition
1215 3127 1288 3182 baim

83 3220 134 3274 sibi
152 3220 262 3275 beziaht
280 3221 338 3275 sich
357 3221 408 3277 aut
424 3221 518 3277 Odsar.
538 3250 569 3260 «-
588 3222 660 3275 hauc
712 3221 827 3276 aweiten
845 3220 936 3275 Subst.
953 3216 1120 3274 wiederholt.

84 3308 204 3362 Galliam
222 3308 271 3363 das
289 3309 423 3365 keltische
441 3310 475 3365 et.
494 3311 564 3378 ἐν),
583 3309 659 3364 illam
750 3312 791 3366 12.
811 3307 914 3377 Quodsi
931 3322 992 3361 ema
1008 3304 1182 3373 interfecerit.
1218 3304 1288 3358 Dar-

83 3397 125 3453 die
143 3398 260 3451 Provina
278 3397 381 3456 Narbo.
713 3393 784 3452 nach
826 3396 954 3451 sehienen
995 3394 1096 3449 casare
1142 3392 1289 3461 politische

117 3490 141 3540 9.
159 3484 226 3539 bello
244 3485 420 3555 Allobrayum
433 3486 572 3554 proximo,
590 3502 614 3542 a.
625 3490 658 3541 61
712 3484 817 3540 Feinde
834 3486 862 3538 in
875 3484 944 3539 Rom
956 3483 1006 3537 mit
1017 3482 1140 3538 Ariovist
1151 3480 1288 3535 inUnter·

84 3591 106 3627 v.
124 3574 188 3631 Chr.
208 3574 243 3631 ct.
262 3591 297 3628 zn
316 3590 339 3629 c.
358 3577 383 3630 6.
402 3578 427 3629 2.
447 3604 479 3614 -
499 3575 529 3627 lu
544 3574 586 3629 lus
599 3591 659 3630 cau·
697 3574 852 3650 ‚hmdlung
878 3572 1026 3641 gastandan
1056 3588 1091 3625 zu
1120 3569 1219 3624 haben.
1255 3594 1287 3607 -

83 3662 258 3729 teutonibus,
276 3676 345 3731 quas
364 3669 416 3719 etc.
435 3662 469 3718 ef.
487 3680 510 3717 c.
530 3667 571 3718 31.
590 3666 615 3717 6.
626 3693 657 3701 -
713 3667 878 3730 compertum
894 3660 992 3714 habere
1010 3660 1044 3715 cf.
1063 3676 1098 3713 nu
1115 3675 1138 3714 c.
1160 3660 1200 3713 15.
1220 3661 1244 3714 1.

86 3751 175 3805 Aedui
197 3752 235 3806 iat
259 3757 332 3807 trote
357 3750 404 3805 des
423 3751 659 3820 varaufgehenden
750 3754 791 3805 13.
819 3764 1001 3818 quaecumque
1028 3748 1098 3802 betta
1123 3745 1182 3815 aeri
1205 3742 1289 3800 cedet.

85 3839 159 3909 ipsos
176 3838 224 3893 der
237 3838 424 3895 Deutlichksit
436 3839 534 3895 halben
546 3847 659 3909 gesetnt.
714 3838 836 3893 Ariovist
847 3837 939 3893 sollte
951 3838 1012 3892 dem
1021 3835 1050 3891 C.
1060 3833 1211 3890 behnlssich
1221 3832 1289 3900 sein,

121 3934 161 3983 11.
182 3927 663 3997 decedat,wsggehenunddamitauf
715 3920 1288 3989 dieHerrsehattnberltalienznerlangen.

87 4025 170 4073 etwas
190 4018 353 4083 verziehtan,
379 4016 465 4071 daher
482 4017 660 4072 verschieden
748 4014 795 4068 45.
817 4018 838 4067 1.
852 4014 885 4067 iu
896 4030 954 4069 eam
965 4012 1132 4078 senteutimu,
1144 4010 1235 4064 modat
1246 4011 1289 4078 „in

88 4122 139 4163 von
157 4106 300 4161 discedere
318 4107 346 4161 in
365 4105 382 4176 ᾗ
403 4109 442 4163 18.
462 4134 494 4147 ·-
514 4105 590 4159 illum
603 4122 660 4160 ver·
715 4101 775 4156 dam
794 4101 901 4157 Sinne“.
924 4102 957 4157 ef.
978 4101 1002 4155 b.
1020 4117 1043 4155 c.
1062 4102 1083 4155 1.
1104 4104 1126 4153 1.
1143 4103 1161 4153 4
1179 4099 1207 4151 in
1225 4114 1289 4153 ean·

87 4196 147 4250 tritt
164 4195 209 4251 die
224 4195 316 4251 zuene
328 4195 432 4249 Person
444 4194 499 4263 (tu)
512 4194 560 4251 der
572 4193 661 4249 direk·
715 4191 777 4245 dem
799 4193 972 4246 sententiam.
998 4189 1025 4247 b.
1043 4204 1069 4256 g.
1095 4189 1127 4244 V.
1148 4191 1192 4246 27.
1216 4191 1232 4241 2
1255 4187 1290 4241 ad

89 4289 131 4339 ten
140 4284 224 4341 Rede.
238 4282 412 4338 Schultatlt.
420 4287 445 4339 3.
454 4282 535 4338 Anm.
545 4280 662 4353 Seyffert
714 4280 788 4334 hune
806 4280 914 4334 modum
931 4278 1014 4347 loqui.
1032 4307 1066 4317 -
1088 4278 1154 4346 pati
1171 4276 1223 4345 uti,
1237 4276 1289 4332 sel·
