2934 4750
513 146 573 202 Lib.
591 147 613 202 1.
648 149 764 204 45-47.
1199 137 1241 198 65

117 293 170 354 47.
212 289 312 354 Biduo
340 293 413 370 post
443 288 620 354 Ariovistus
651 288 692 354 ad
720 287 888 355 Caesarem
918 288 1041 373 legatos
1073 290 1222 362 mittit:1

42 391 117 457 Velle
140 411 176 459 se
202 393 314 460 dehis
336 394 439 472 rebus,
470 411 551 474 quac
582 394 666 461 inter
688 411 742 460 eos
764 395 816 477 agi
838 400 971 476 coeptae
994 414 1094 478 neque
1117 415 1189 480 per-

41 497 130 562 fectae
163 502 281 582 essent,
314 518 410 582 agere
440 517 511 565 cum
539 517 590 566 co:
626 500 672 565 uti
700 503 756 566 aut
786 500 899 565 iterum
928 499 1082 583 colloquio
1104 502 1188 568 diem

40 604 244 670 constitueret
266 610 332 685 aut,
363 605 390 669 si
412 603 444 669 id
466 605 570 670 minus
593 603 697 686 vellet,
721 605 826 669 esuis
848 604 964 688 legatis
986 606 1123 688 aliquem
1147 608 1189 674 ad

38 725 66 771 sc
89 709 247 776 mitteret.
293 707 499 790 Colloqucndi
527 707 659 777 Caesari
692 727 789 776 causa
817 711 884 776 visa
914 729 977 776 non
1005 717 1062 792 cst,
1094 718 1128 777 ct
1150 731 1225 786 eon

39 814 136 894 magis,
172 815 261 896 quod
289 815 390 896 pridie
421 815 489 880 eius
517 814 579 880 diei
601 815 753 882 Germani
774 816 902 881 retineri
925 834 988 881 non
1009 821 1187 898 potuerant,

38 918 101 998 quin
132 920 166 982 in
196 926 324 986 nostros
353 921 418 987 tela
441 922 628 987 conicereot.
674 921 832 1003 Legatum
854 941 872 986 c
893 923 958 986 suis
980 939 1051 988 sese
1073 941 1224 1005 magnos

38 1040 95 1088 cum
118 1025 267 1105 periculo
291 1026 332 1090 ad
355 1044 427 1092 cum
450 1027 620 1091 missurum
643 1032 675 1092 et
697 1026 875 1093 hominihus
897 1025 971 1092 feris
992 1029 1189 1094 obiecturum

39 1129 243 1198 existimabat.
290 1129 584 1197 Commodissimum
608 1132 709 1196 visum
733 1136 782 1197 est
803 1131 917 1198 Caium
933 1131 1095 1198 Valerium
1112 1133 1225 1206 Pro-4

37 1233 142 1314 cilium,
179 1235 217 1302 C.
242 1236 350 1302 Valeri
373 1235 490 1302 Caburi
512 1235 620 1316 filium,
651 1255 776 1304 summa
797 1236 915 1302 virtute
937 1242 971 1301 et
992 1237 1190 1305 humanitate

38 1337 277 1422 adulescentem,
309 1343 396 1408 cuius
423 1347 516 1422 pater
543 1361 563 1408 a
586 1340 665 1408 Caio
688 1341 815 1407 Valerio
838 1340 951 1408 Flacco
977 1344 1106 1409 civitate
1135 1345 1189 1410 do·

38 1451 118 1509 natus
143 1451 230 1526 erat,
254 1452 287 1510 et
308 1451 438 1529 propter
459 1446 553 1512 fidem
576 1452 610 1512 et
631 1452 763 1529 propter
785 1446 910 1527 linguae
926 1445 1067 1514 Gallicae
1089 1449 1192 1542 scien3

40 1549 112 1629 tiam,
132 1567 203 1630 qua
218 1553 319 1618 multa
334 1553 397 1618 iam
414 1553 588 1618 Ariovistus
603 1553 776 1636 longinqua
790 1551 1017 1618 consuetudine
1031 1555 1189 1636 utebatur,

39 1659 62 1716 ct
88 1659 175 1737 quod
209 1659 242 1724 in
272 1676 310 1724 eo
340 1659 491 1741 peccandi
521 1657 686 1724 Germanis
715 1675 812 1722 causa
839 1677 902 1723 non
925 1664 1018 1738 esset,
1053 1659 1095 1723 ad
1117 1678 1190 1724 eum

40 1761 166 1843 mittere,
203 1770 235 1828 et
265 1764 407 1831 Marcum
435 1764 575 1845 Matium,
607 1765 661 1846 qui
689 1763 826 1845 hospitio
849 1764 999 1835 Ariovisti
1027 1766 1189 1835 utebatur.

41 1863 86 1930 His
108 1869 288 1948 mandavit,
315 1876 361 1950 ut,
390 1887 473 1950 qnae
496 1870 615 1935 diceret
637 1869 823 1949 Ariovistus,
846 1874 1072 1949 cognoscerent
1093 1877 1126 1936 et
1147 1871 1189 1936 ad
1207 1891 1224 1943 5

42 1985 66 2034 sc
80 1972 247 2041 referrent.
271 1973 357 2052 Quos
373 1992 443 2039 cum
457 1975 543 2057 apud
558 1991 592 2040 se
607 1975 639 2039 in
652 1975 764 2040 castris
776 1973 954 2040 Ariovistus
965 1976 1187 2056 conspexisset,
1207 1995 1225 2048 a

42 2081 173 2144 exercitu
199 2099 255 2146 suo
277 2085 444 2162 praesente
467 2080 691 2146 conclamavit:
726 2079 810 2158 Quid
832 2079 874 2143 ad
896 2097 932 2143 se
953 2080 1118 2146 venirent?
1149 2100 1190 2145 an

43 2185 219 2261 speculandi
253 2189 369 2252 causa?
407 2184 558 2253 Conantis
593 2186 696 2252 dicere
730 2184 893 2266 prohibuit
925 2194 958 2251 ct
990 2187 1023 2251 in
1060 2192 1189 2252 catenas

44 2290 177 2356 coniecit.
410 2298 414 2304 '

72 2556 114 2609 tt.
145 2563 169 2612 1.
189 2556 282 2610 Biduo
297 2562 361 2625 pout
374 2558 468 2626 „einen
481 2556 541 2625 Τῆς
553 2561 614 2624 spt·
668 2556 731 2612 hen.
749 2553 825 2609 Statt
842 2553 891 2609 deo
910 2553 1026 2610 Adverh.
1043 2554 1112 2609 wird
1131 2556 1175 2611 bei
1192 2556 1243 2611 Be·

46 2641 103 2711 tcr“,
123 2644 197 2699 donn
216 2644 259 2699 die
272 2645 375 2699 Rdmer
387 2645 496 2699 nihlten
509 2644 615 2699 hech-
660 2632 766 2711 ¹grilion
784 2643 832 2698 der
849 2642 920 2697 Zahl
937 2643 994 2697 und
1012 2643 1060 2698 der
1078 2642 1176 2711 Menge
1194 2644 1243 2700 das

47 2730 176 2801 rcchnung
205 2733 254 2787 der
279 2732 484 2803 Kelendertage
511 2732 616 2789 sonohl
668 2730 731 2801 Adj.
754 2732 783 2786 in
806 2730 1006 2800 pradikatirem
1024 2731 1108 2786 Sinna
1129 2739 1245 2801 peceat,

47 2814 88 2871 den
106 2821 175 2891 Tag‚
200 2838 253 2876 von
279 2821 339 2877 dem
362 2837 412 2877 aus
436 2823 477 2877 nie
495 2822 615 2877 rechnen
669 2818 703 2873 cf.
723 2820 757 2874 V.
784 2820 825 2874 16.
849 2822 867 2873 4
890 2833 1026 2886 nunquam
1049 2818 1176 2887 conferti,
1194 2820 1244 2874 sed

47 2904 81 2960 uls
103 2910 175 2965 auch
204 2910 257 2965 den
279 2910 346 2979 Tag,
372 2911 415 2965 bia
442 2928 477 2965 zu
495 2910 557 2964 dem
575 2910 616 2966 sie
668 2908 724 2961 rari
750 2907 961 2976 proeliarentur.
988 2904 1053 2960 Sall
1080 2906 1138 2975 lug.
1159 2910 1203 2961 84.
1228 2912 1242 2961 1

47 2996 170 3068 rechnen;
192 2999 277 3053 daher
296 2999 370 3054 steht
387 2998 457 3054 auch
469 2998 485 3067 ξ
497 3003 514 3052 2
526 2998 615 3067 pridie
668 2995 770 3049 multus
788 3004 870 3063 atque
888 2994 968 3050 ferox
986 2994 1100 3050 instare.
1119 3027 1152 3034 -
1171 2995 1244 3065 qnod

48 3082 98 3139 eins
116 3086 178 3142 dici.
199 3117 232 3125 -
249 3086 322 3141 inter
340 3101 383 3141 eos
396 3086 442 3141 fur
454 3088 526 3142 inter
538 3102 569 3143 aa
581 3086 616 3143 cl.
668 3124 675 3138 .
695 3128 701 3140 .
720 3098 777 3136 noa
794 3088 871 3151 essct,
890 3082 1095 3152 alsErwtgung
1111 3083 1159 3139 deo
1177 3084 1244 3139 han·

49 3172 616 3244 communenimmutescamus-aeque
647 3236 649 3240 ,
668 3171 784 3227 deluden
797 3170 873 3240 Subj.
887 3172 923 3225 im
935 3170 1017 3240 Konj.
1035 3201 1069 3209 —
1086 3170 1118 3225 in
1136 3187 1166 3227 co
1180 3187 1244 3241 pcc-

50 3259 120 3322 „ahcr
139 3263 229 3317 nicht“
250 3261 285 3321 cl.
305 3278 327 3316 c.
346 3265 389 3319 36.
408 3264 433 3317 5.
461 3292 493 3303 —
519 3262 562 3317 uti
580 3303 614 3320 ..
667 3258 757 3314 condi.
777 3259 845 3316 Inc.
860 3259 980 3313 Ablzur
993 3258 1244 3331 Bezeichnungder

48 3350 222 3406 constitueret.
240 3351 273 3404 ln
283 3350 332 3405 der
342 3366 382 3404 or.
395 3350 449 3405 obl.
461 3350 532 3405 fehlt
544 3350 615 3405 nach
643 3352 645 3357 ‘
667 3348 782 3417 Person,
806 3363 841 3402 an
864 3346 914 3401 der
940 3348 1000 3402 sich
1024 3348 1067 3403 die
1085 3349 1245 3418 Thatigkcit

49 3438 320 3507 roraulgegangenem
332 3441 397 3492 Acc.
410 3455 432 3497 c.
445 3438 497 3493 Inf.
516 3440 545 3493 in
564 3438 615 3493 den
668 3436 715 3491 des
735 3435 810 3504 Suhj.
829 3434 971 3503 rollzieht‚
996 3436 1034 3491 iot
1050 3436 1129 3492 nicht
1147 3435 1244 3494 seiten.

50 3518 313 3595 Begchrungsstttzen
331 3526 500 3595 ganohnlioh
518 3540 557 3582 ut.
580 3528 615 3582 cf.
668 3525 702 3579 cl.
733 3526 768 3582 ΙΙ.
798 3528 841 3579 32.
870 3528 888 3579 2
917 3524 947 3579 in
970 3524 1087 3581 Nerviis.
1123 3525 1149 3580 h.
1173 3541 1198 3584 c.
1221 3526 1244 3581 1.

50 3624 69 3663 c.
84 3618 107 3669 7.
125 3617 151 3671 8.
170 3614 203 3671 V.
221 3618 265 3670 41.
284 3618 308 3669 8.
668 3613 869 3668 85.10inae.
985 3682 987 3685 Α

80 3703 102 3755 3.
127 3702 247 3772 lepotont
272 3703 368 3772 „einen
386 3702 615 3770 Bevollmitchtig·
704 3703 728 3755 6.
746 3717 784 3754 aa
802 3701 886 3769 „doch
899 3701 972 3756 wohl
983 3702 1059 3757 nur“.
1077 3701 1156 3757 Nach
1168 3702 1244 3757 einer

51 3788 114 3844 ten“.
667 3788 847 3857 allgemeinen
859 3789 948 3857 Frage
966 3789 1043 3846 leitet
1061 3789 1110 3843 das
1121 3788 1244 3855 disjunk-

80 3882 103 3931 4.
122 3877 150 3933 C.
164 3877 303 3931 Valerium
313 3877 462 3931 Procillum
475 3878 509 3933 cl.
516 3895 537 3934 c.
545 3881 585 3935 19.
592 3882 616 3934 3.
670 3878 727 3932 tire
749 3893 785 3930 an
807 3878 868 3932 eine
887 3878 978 3945 Frage
1002 3878 1055 3943 ein,
1080 3877 1108 3930 in
1125 3876 1244 3933 nelcher

54 3988 81 4000 —
95 3964 120 4017 C.
144 3964 269 4019 Valerius
288 3964 418 4031 Flaccos,
436 3967 617 4023 wahrsohein-
670 3965 719 4021 der
745 3964 875 4020 Rodcndc
905 3966 979 4020 oeinc
1003 3964 1174 4033 Vermutung
1202 3964 1244 4021 ala

52 4046 99 4105 iich
124 4069 146 4108 a.
176 4054 210 4107 83
237 4070 262 4110 v.
287 4052 350 4111 Chr.
377 4052 537 4109 Statthalter
563 4071 616 4111 von
669 4054 752 4109 allein
780 4053 868 4121 giltig
886 4051 1020 4110 hinatellt.
1047 4081 1081 4091 -
1108 4058 1245 4108 comate.

55 4135 158 4199 Callian.
184 4141 218 4197 cl.
244 4141 298 4195 Cio.
322 4158 372 4209 pro
391 4142 499 4209 Quinct.
525 4147 549 4197 7.
572 4146 616 4199 28.
669 4128 745 4195 siber
773 4140 815 4196 die
844 4140 929 4196 Form
959 4140 1006 4195 dea
1039 4142 1104 4195 Aoo.
1139 4140 1173 4197 cl.
1208 4156 1247 4196 zu

56 4253 82 4263 -
103 4244 156 4295 pua
173 4228 259 4282 molto
281 4228 331 4282 aul
350 4229 459 4297 linguae
477 4246 511 4283 zu
528 4229 616 4285 bezic·
669 4246 691 4285 c.
712 4231 754 4285 18.
771 4232 796 4284 3.

99 4332 552 4385 nuceranae,uriacensem.(acin.1x
1123 4316 1140 4370 ὅ
