<?xml version="1.0" encoding="UTF-8"?>
<!DOCTYPE html PUBLIC "-//W3C//DTD XHTML 1.0 Transitional//EN"
    "http://www.w3.org/TR/xhtml1/DTD/xhtml1-transitional.dtd">
<html xmlns="http://www.w3.org/1999/xhtml" xml:lang="en" lang="en">
 <head>
  <title>
</title>
<meta http-equiv="Content-Type" content="text/html;charset=utf-8" />
  <meta name='ocr-system' content='tesseract 3.04.00' />
  <meta name='ocr-capabilities' content='ocr_page ocr_carea ocr_par ocr_line ocrx_word'/>
</head>
<body>
  <div class='ocr_page' id='page_1' title='image "./ciuliicaesarisc00waltgoog_0173.png"; bbox 0 0 2934 4750; ppageno 0'>
   <div class='ocr_carea' id='block_1_1' title="bbox 579 213 1322 276">
    <p class='ocr_par' dir='ltr' id='par_1_1' title="bbox 579 213 1322 276">
     <span class='ocr_line' id='line_1_1' title="bbox 579 213 1322 276; baseline 0.003 -2"><span class='ocrx_word' id='word_1_1' title='bbox 579 215 639 276; x_wconf 77' lang='lat' dir='ltr'>uu.</span> <span class='ocrx_word' id='word_1_2' title='bbox 658 215 705 274; x_wconf 84' lang='lat' dir='ltr'>lv.</span> <span class='ocrx_word' id='word_1_3' title='bbox 742 220 854 276; x_wconf 69' lang='lat'>32-84„</span> <span class='ocrx_word' id='word_1_4' title='bbox 1280 213 1322 276; x_wconf 79' lang='lat'>53</span> 
     </span>
    </p>
   </div>
   <div class='ocr_carea' id='block_1_2' title="bbox 104 361 1305 2252">
    <p class='ocr_par' dir='ltr' id='par_1_2' title="bbox 105 361 1305 1507">
     <span class='ocr_line' id='line_1_2' title="bbox 107 361 1270 448; baseline 0.007 -23"><span class='ocrx_word' id='word_1_5' title='bbox 107 363 219 441; x_wconf 88' lang='lat' dir='ltr'>partes</span> <span class='ocrx_word' id='word_1_6' title='bbox 242 361 446 442; x_wconf 74' lang='lat' dir='ltr'>perequitant</span> <span class='ocrx_word' id='word_1_7' title='bbox 467 365 500 426; x_wconf 87' lang='lat' dir='ltr'>ot</span> <span class='ocrx_word' id='word_1_8' title='bbox 520 361 586 426; x_wconf 90' lang='lat' dir='ltr'>tela</span> <span class='ocrx_word' id='word_1_9' title='bbox 609 362 769 429; x_wconf 90' lang='lat' dir='ltr'>coniciunt</span> <span class='ocrx_word' id='word_1_10' title='bbox 783 367 880 446; x_wconf 85' lang='lat' dir='ltr'>atque</span> <span class='ocrx_word' id='word_1_11' title='bbox 894 364 962 447; x_wconf 91' lang='lat' dir='ltr'>ipso</span> <span class='ocrx_word' id='word_1_12' title='bbox 978 372 1103 430; x_wconf 91' lang='lat' dir='ltr'>terrore</span> <span class='ocrx_word' id='word_1_13' title='bbox 1119 383 1270 448; x_wconf 90' lang='lat' dir='ltr'>equorum</span> 
     </span>
     <span class='ocr_line' id='line_1_3' title="bbox 108 466 1271 553; baseline 0.008 -22"><span class='ocrx_word' id='word_1_14' title='bbox 108 474 144 531; x_wconf 85' lang='lat' dir='ltr'>et</span> <span class='ocrx_word' id='word_1_15' title='bbox 171 466 308 548; x_wconf 86' lang='lat' dir='ltr'>strepitu</span> <span class='ocrx_word' id='word_1_16' title='bbox 335 473 477 532; x_wconf 86' lang='lat' dir='ltr'>rotarum</span> <span class='ocrx_word' id='word_1_17' title='bbox 500 468 626 533; x_wconf 84' lang='lat' dir='ltr'>ordines</span> <span class='ocrx_word' id='word_1_18' title='bbox 648 468 834 551; x_wconf 88' lang='lat' dir='ltr'>plerumque</span> <span class='ocrx_word' id='word_1_19' title='bbox 857 470 1054 553; x_wconf 77' lang='lat' dir='ltr'>perturbant,</span> <span class='ocrx_word' id='word_1_20' title='bbox 1086 477 1119 538; x_wconf 88' lang='lat' dir='ltr'>et</span> <span class='ocrx_word' id='word_1_21' title='bbox 1142 489 1212 538; x_wconf 88' lang='lat' dir='ltr'>cum</span> <span class='ocrx_word' id='word_1_22' title='bbox 1236 491 1271 540; x_wconf 89' lang='lat' dir='ltr'>se</span> 
     </span>
     <span class='ocr_line' id='line_1_4' title="bbox 107 572 1270 662; baseline 0.006 -24"><span class='ocrx_word' id='word_1_23' title='bbox 107 572 193 638; x_wconf 84' lang='lat' dir='ltr'>inter</span> <span class='ocrx_word' id='word_1_24' title='bbox 214 574 354 654; x_wconf 86' lang='lat' dir='ltr'>equitum</span> <span class='ocrx_word' id='word_1_25' title='bbox 377 579 499 640; x_wconf 86' lang='lat' dir='ltr'>turmas</span> <span class='ocrx_word' id='word_1_26' title='bbox 521 574 772 657; x_wconf 71' lang='lat' dir='ltr'>insinuaverunt,</span> <span class='ocrx_word' id='word_1_27' title='bbox 796 594 834 641; x_wconf 86' lang='lat' dir='ltr'>ex</span> <span class='ocrx_word' id='word_1_28' title='bbox 850 577 968 642; x_wconf 83' lang='lat' dir='ltr'>essedis</span> <span class='ocrx_word' id='word_1_29' title='bbox 992 576 1141 644; x_wconf 89' lang='lat' dir='ltr'>desiliunt</span> <span class='ocrx_word' id='word_1_30' title='bbox 1162 582 1196 643; x_wconf 86' lang='lat' dir='ltr'>ct</span> <span class='ocrx_word' id='word_1_31' title='bbox 1218 599 1270 662; x_wconf 88' lang='lat' dir='ltr'>pe·</span> 
     </span>
     <span class='ocr_line' id='line_1_5' title="bbox 107 677 1305 765; baseline 0.004 -24"><span class='ocrx_word' id='word_1_32' title='bbox 107 677 203 743; x_wconf 88' lang='lat' dir='ltr'>dibus</span> <span class='ocrx_word' id='word_1_33' title='bbox 218 679 424 760; x_wconf 83' lang='lat' dir='ltr'>proeliantur.</span> <span class='ocrx_word' id='word_1_34' title='bbox 456 681 595 763; x_wconf 76' lang='lat' dir='ltr'>Aurigae</span> <span class='ocrx_word' id='word_1_35' title='bbox 609 681 736 748; x_wconf 90' lang='lat' dir='ltr'>interim</span> <span class='ocrx_word' id='word_1_36' title='bbox 753 680 908 763; x_wconf 86' lang='lat' dir='ltr'>paulatim</span> <span class='ocrx_word' id='word_1_37' title='bbox 924 701 961 747; x_wconf 84' lang='lat' dir='ltr'>ex</span> <span class='ocrx_word' id='word_1_38' title='bbox 977 682 1097 765; x_wconf 89' lang='lat' dir='ltr'>proelio</span> <span class='ocrx_word' id='word_1_39' title='bbox 1114 684 1269 750; x_wconf 86' lang='lat' dir='ltr'>excedunt</span> <span class='ocrx_word' id='word_1_40' title='bbox 1288 697 1305 746; x_wconf 82' lang='lat'>2</span> 
     </span>
     <span class='ocr_line' id='line_1_6' title="bbox 107 786 1269 868; baseline 0.007 -18"><span class='ocrx_word' id='word_1_41' title='bbox 107 789 205 866; x_wconf 85' lang='lat' dir='ltr'>atque</span> <span class='ocrx_word' id='word_1_42' title='bbox 236 786 283 851; x_wconf 83' lang='lat' dir='ltr'>itu</span> <span class='ocrx_word' id='word_1_43' title='bbox 309 803 420 852; x_wconf 87' lang='lat' dir='ltr'>currus</span> <span class='ocrx_word' id='word_1_44' title='bbox 447 786 612 868; x_wconf 84' lang='lat' dir='ltr'>collocant,</span> <span class='ocrx_word' id='word_1_45' title='bbox 642 792 687 867; x_wconf 59' lang='lat' dir='ltr'>ut„</span> <span class='ocrx_word' id='word_1_46' title='bbox 720 788 748 853; x_wconf 89' lang='lat' dir='ltr'>si</span> <span class='ocrx_word' id='word_1_47' title='bbox 778 787 823 852; x_wconf 88' lang='lat' dir='ltr'>illi</span> <span class='ocrx_word' id='word_1_48' title='bbox 850 807 871 853; x_wconf 92' lang='lat' dir='ltr'>a</span> <span class='ocrx_word' id='word_1_49' title='bbox 898 788 1099 854; x_wconf 86' lang='lat' dir='ltr'>multitudine</span> <span class='ocrx_word' id='word_1_50' title='bbox 1131 788 1269 858; x_wconf 88' lang='lat' dir='ltr'>bostium</span> 
     </span>
     <span class='ocr_line' id='line_1_7' title="bbox 108 892 1304 976; baseline 0.004 -21"><span class='ocrx_word' id='word_1_51' title='bbox 108 898 306 972; x_wconf 87' lang='lat' dir='ltr'>premantur,</span> <span class='ocrx_word' id='word_1_52' title='bbox 328 893 509 973; x_wconf 84' lang='lat' dir='ltr'>expeditum</span> <span class='ocrx_word' id='word_1_53' title='bbox 532 893 574 958; x_wconf 88' lang='lat' dir='ltr'>ad</span> <span class='ocrx_word' id='word_1_54' title='bbox 596 910 671 959; x_wconf 88' lang='lat' dir='ltr'>suos</span> <span class='ocrx_word' id='word_1_55' title='bbox 694 899 856 976; x_wconf 86' lang='lat' dir='ltr'>receptum</span> <span class='ocrx_word' id='word_1_56' title='bbox 879 892 1028 962; x_wconf 81' lang='lat' dir='ltr'>babeant.</span> <span class='ocrx_word' id='word_1_57' title='bbox 1075 893 1125 960; x_wconf 90' lang='lat' dir='ltr'>Ita</span> <span class='ocrx_word' id='word_1_58' title='bbox 1147 897 1304 962; x_wconf 82' lang='lat' dir='ltr'>mobili-s</span> 
     </span>
     <span class='ocr_line' id='line_1_8' title="bbox 107 998 1270 1084; baseline 0.006 -23"><span class='ocrx_word' id='word_1_59' title='bbox 107 1004 210 1062; x_wconf 83' lang='lat' dir='ltr'>tatem</span> <span class='ocrx_word' id='word_1_60' title='bbox 237 999 387 1080; x_wconf 85' lang='lat' dir='ltr'>equitum,</span> <span class='ocrx_word' id='word_1_61' title='bbox 418 998 625 1064; x_wconf 71' lang='lat' dir='ltr'>stabilitatem</span> <span class='ocrx_word' id='word_1_62' title='bbox 652 1000 795 1081; x_wconf 85' lang='lat' dir='ltr'>peditum</span> <span class='ocrx_word' id='word_1_63' title='bbox 818 1000 850 1064; x_wconf 94' lang='lat' dir='ltr'>iu</span> <span class='ocrx_word' id='word_1_64' title='bbox 873 998 1004 1081; x_wconf 92' lang='lat' dir='ltr'>proeliis</span> <span class='ocrx_word' id='word_1_65' title='bbox 1026 1007 1200 1084; x_wconf 86' lang='lat' dir='ltr'>praestant,</span> <span class='ocrx_word' id='word_1_66' title='bbox 1231 1022 1270 1069; x_wconf 85' lang='lat' dir='ltr'>ac</span> 
     </span>
     <span class='ocr_line' id='line_1_9' title="bbox 106 1103 1269 1188; baseline 0.005 -20"><span class='ocrx_word' id='word_1_67' title='bbox 106 1109 235 1169; x_wconf 88' lang='lat' dir='ltr'>tantum</span> <span class='ocrx_word' id='word_1_68' title='bbox 262 1122 322 1169; x_wconf 87' lang='lat' dir='ltr'>usu</span> <span class='ocrx_word' id='word_1_69' title='bbox 352 1105 509 1172; x_wconf 85' lang='lat' dir='ltr'>cotidiano</span> <span class='ocrx_word' id='word_1_70' title='bbox 538 1111 570 1170; x_wconf 86' lang='lat' dir='ltr'>et</span> <span class='ocrx_word' id='word_1_71' title='bbox 601 1106 826 1171; x_wconf 79' lang='lat' dir='ltr'>exercitatione</span> <span class='ocrx_word' id='word_1_72' title='bbox 848 1103 998 1188; x_wconf 86' lang='lat' dir='ltr'>efficiunt,</span> <span class='ocrx_word' id='word_1_73' title='bbox 1030 1107 1077 1171; x_wconf 91' lang='lat' dir='ltr'>uti</span> <span class='ocrx_word' id='word_1_74' title='bbox 1099 1107 1133 1171; x_wconf 92' lang='lat' dir='ltr'>in</span> <span class='ocrx_word' id='word_1_75' title='bbox 1156 1108 1269 1174; x_wconf 84' lang='lat' dir='ltr'>declivi</span> 
     </span>
     <span class='ocr_line' id='line_1_10' title="bbox 105 1211 1269 1294; baseline 0.005 -20"><span class='ocrx_word' id='word_1_76' title='bbox 105 1228 147 1275; x_wconf 89' lang='lat' dir='ltr'>ac</span> <span class='ocrx_word' id='word_1_77' title='bbox 175 1211 341 1292; x_wconf 84' lang='lat' dir='ltr'>praecipiti</span> <span class='ocrx_word' id='word_1_78' title='bbox 371 1211 441 1278; x_wconf 90' lang='lat' dir='ltr'>loco</span> <span class='ocrx_word' id='word_1_79' title='bbox 469 1212 618 1278; x_wconf 85' lang='lat' dir='ltr'>incitatos</span> <span class='ocrx_word' id='word_1_80' title='bbox 646 1229 743 1294; x_wconf 83' lang='lat' dir='ltr'>equos</span> <span class='ocrx_word' id='word_1_81' title='bbox 766 1213 923 1278; x_wconf 87' lang='lat' dir='ltr'>sustinere</span> <span class='ocrx_word' id='word_1_82' title='bbox 944 1217 977 1278; x_wconf 86' lang='lat' dir='ltr'>et</span> <span class='ocrx_word' id='word_1_83' title='bbox 1000 1211 1086 1278; x_wconf 86' lang='lat' dir='ltr'>brevi</span> <span class='ocrx_word' id='word_1_84' title='bbox 1110 1213 1269 1280; x_wconf 87' lang='lat' dir='ltr'>moderari</span> 
     </span>
     <span class='ocr_line' id='line_1_11' title="bbox 105 1314 1269 1401; baseline 0.004 -19"><span class='ocrx_word' id='word_1_85' title='bbox 105 1335 147 1382; x_wconf 91' lang='lat' dir='ltr'>ac</span> <span class='ocrx_word' id='word_1_86' title='bbox 172 1314 302 1382; x_wconf 86' lang='lat' dir='ltr'>flectere</span> <span class='ocrx_word' id='word_1_87' title='bbox 331 1323 365 1382; x_wconf 88' lang='lat' dir='ltr'>et</span> <span class='ocrx_word' id='word_1_88' title='bbox 390 1336 448 1400; x_wconf 91' lang='lat' dir='ltr'>per</span> <span class='ocrx_word' id='word_1_89' title='bbox 470 1323 628 1384; x_wconf 85' lang='lat' dir='ltr'>temonem</span> <span class='ocrx_word' id='word_1_90' title='bbox 651 1336 838 1401; x_wconf 86' lang='lat' dir='ltr'>percurrere</span> <span class='ocrx_word' id='word_1_91' title='bbox 860 1322 894 1384; x_wconf 93' lang='lat' dir='ltr'>et</span> <span class='ocrx_word' id='word_1_92' title='bbox 914 1320 947 1382; x_wconf 90' lang='lat' dir='ltr'>in</span> <span class='ocrx_word' id='word_1_93' title='bbox 970 1319 1044 1400; x_wconf 82' lang='lat' dir='ltr'>iugo</span> <span class='ocrx_word' id='word_1_94' title='bbox 1066 1320 1213 1386; x_wconf 80' lang='lat' dir='ltr'>insistere</span> <span class='ocrx_word' id='word_1_95' title='bbox 1235 1327 1269 1387; x_wconf 89' lang='lat' dir='ltr'>et</span> 
     </span>
     <span class='ocr_line' id='line_1_12' title="bbox 106 1423 981 1507; baseline 0.002 -18"><span class='ocrx_word' id='word_1_96' title='bbox 106 1442 144 1490; x_wconf 87' lang='lat' dir='ltr'>se</span> <span class='ocrx_word' id='word_1_97' title='bbox 164 1423 239 1489; x_wconf 88' lang='lat' dir='ltr'>inde</span> <span class='ocrx_word' id='word_1_98' title='bbox 262 1424 294 1488; x_wconf 90' lang='lat' dir='ltr'>iu</span> <span class='ocrx_word' id='word_1_99' title='bbox 317 1442 430 1490; x_wconf 88' lang='lat' dir='ltr'>currus</span> <span class='ocrx_word' id='word_1_100' title='bbox 453 1425 604 1489; x_wconf 87' lang='lat' dir='ltr'>citissime</span> <span class='ocrx_word' id='word_1_101' title='bbox 626 1425 769 1507; x_wconf 87' lang='lat' dir='ltr'>recipere</span> <span class='ocrx_word' id='word_1_102' title='bbox 791 1425 981 1491; x_wconf 88' lang='lat' dir='ltr'>consuerint.</span> 
     </span>
    </p>

    <p class='ocr_par' dir='ltr' id='par_1_3' title="bbox 104 1529 1304 2252">
     <span class='ocr_line' id='line_1_13' title="bbox 198 1529 1303 1615; baseline -0.002 -20"><span class='ocrx_word' id='word_1_103' title='bbox 198 1535 248 1595; x_wconf 86' lang='grc'>34.</span> <span class='ocrx_word' id='word_1_104' title='bbox 272 1529 392 1608; x_wconf 84' lang='lat' dir='ltr'>Quibus</span> <span class='ocrx_word' id='word_1_105' title='bbox 414 1531 509 1596; x_wconf 87' lang='lat' dir='ltr'>rebus</span> <span class='ocrx_word' id='word_1_106' title='bbox 531 1531 727 1614; x_wconf 86' lang='lat' dir='ltr'>perturbatis</span> <span class='ocrx_word' id='word_1_107' title='bbox 751 1532 868 1597; x_wconf 84' lang='lat' dir='ltr'>nostris</span> <span class='ocrx_word' id='word_1_108' title='bbox 890 1531 1033 1598; x_wconf 85' lang='lat' dir='ltr'>novitate</span> <span class='ocrx_word' id='word_1_109' title='bbox 1049 1550 1175 1615; x_wconf 84' lang='lat' dir='ltr'>pugnae</span> <span class='ocrx_word' id='word_1_110' title='bbox 1191 1537 1303 1598; x_wconf 89' lang='lat' dir='ltr'>tem-1</span> 
     </span>
     <span class='ocr_line' id='line_1_14' title="bbox 105 1635 1268 1720; baseline 0.002 -19"><span class='ocrx_word' id='word_1_111' title='bbox 105 1655 184 1720; x_wconf 86' lang='lat' dir='ltr'>pore</span> <span class='ocrx_word' id='word_1_112' title='bbox 210 1638 476 1719; x_wconf 88' lang='lat' dir='ltr'>opportunissimo</span> <span class='ocrx_word' id='word_1_113' title='bbox 504 1635 625 1703; x_wconf 78' lang='lat' dir='ltr'>Caesar</span> <span class='ocrx_word' id='word_1_114' title='bbox 652 1636 804 1702; x_wconf 87' lang='lat' dir='ltr'>auxilium</span> <span class='ocrx_word' id='word_1_115' title='bbox 834 1636 923 1703; x_wconf 88' lang='lat' dir='ltr'>tulit:</span> <span class='ocrx_word' id='word_1_116' title='bbox 954 1655 1091 1720; x_wconf 86' lang='lat' dir='ltr'>namque</span> <span class='ocrx_word' id='word_1_117' title='bbox 1121 1638 1189 1704; x_wconf 87' lang='lat' dir='ltr'>eius</span> <span class='ocrx_word' id='word_1_118' title='bbox 1213 1638 1268 1703; x_wconf 88' lang='lat' dir='ltr'>ad·</span> 
     </span>
     <span class='ocr_line' id='line_1_15' title="bbox 104 1742 1304 1824; baseline -0.003 -16"><span class='ocrx_word' id='word_1_119' title='bbox 104 1747 203 1808; x_wconf 84' lang='lat' dir='ltr'>ventu</span> <span class='ocrx_word' id='word_1_120' title='bbox 225 1742 335 1809; x_wconf 81' lang='lat' dir='ltr'>hostes</span> <span class='ocrx_word' id='word_1_121' title='bbox 357 1744 579 1821; x_wconf 82' lang='lat' dir='ltr'>constiterunt,</span> <span class='ocrx_word' id='word_1_122' title='bbox 602 1744 703 1810; x_wconf 87' lang='lat' dir='ltr'>nostri</span> <span class='ocrx_word' id='word_1_123' title='bbox 725 1761 761 1808; x_wconf 88' lang='lat' dir='ltr'>se</span> <span class='ocrx_word' id='word_1_124' title='bbox 784 1761 821 1808; x_wconf 86' lang='lat' dir='ltr'>ex</span> <span class='ocrx_word' id='word_1_125' title='bbox 837 1742 951 1809; x_wconf 85' lang='lat' dir='ltr'>timore</span> <span class='ocrx_word' id='word_1_126' title='bbox 967 1749 1163 1824; x_wconf 85' lang='lat' dir='ltr'>receperunt.</span> <span class='ocrx_word' id='word_1_127' title='bbox 1198 1743 1267 1822; x_wconf 81' lang='lat' dir='ltr'>Quo</span> <span class='ocrx_word' id='word_1_128' title='bbox 1286 1755 1304 1804; x_wconf 85' lang='lat'><strong>2</strong></span> 
     </span>
     <span class='ocr_line' id='line_1_16' title="bbox 105 1847 1268 1930; baseline 0 -17"><span class='ocrx_word' id='word_1_129' title='bbox 105 1848 192 1914; x_wconf 83' lang='lat' dir='ltr'>iacto</span> <span class='ocrx_word' id='word_1_130' title='bbox 218 1849 260 1914; x_wconf 87' lang='lat' dir='ltr'>ad</span> <span class='ocrx_word' id='word_1_131' title='bbox 291 1849 509 1915; x_wconf 87' lang='lat' dir='ltr'>lacessendum</span> <span class='ocrx_word' id='word_1_132' title='bbox 538 1855 571 1915; x_wconf 89' lang='lat' dir='ltr'>et</span> <span class='ocrx_word' id='word_1_133' title='bbox 602 1851 643 1914; x_wconf 81' lang='lat' dir='ltr'>ad</span> <span class='ocrx_word' id='word_1_134' title='bbox 673 1849 931 1914; x_wconf 76' lang='lat' dir='ltr'>committendum</span> <span class='ocrx_word' id='word_1_135' title='bbox 953 1847 1107 1930; x_wconf 89' lang='lat' dir='ltr'>proelium</span> <span class='ocrx_word' id='word_1_136' title='bbox 1130 1849 1268 1914; x_wconf 85' lang='lat' dir='ltr'>alienum</span> 
     </span>
     <span class='ocr_line' id='line_1_17' title="bbox 109 1954 1268 2038; baseline 0.001 -18"><span class='ocrx_word' id='word_1_137' title='bbox 109 1971 182 2020; x_wconf 86' lang='lat' dir='ltr'>esse</span> <span class='ocrx_word' id='word_1_138' title='bbox 206 1959 333 2038; x_wconf 86' lang='lat' dir='ltr'>tempus</span> <span class='ocrx_word' id='word_1_139' title='bbox 356 1956 531 2022; x_wconf 86' lang='lat' dir='ltr'>arbitratus</span> <span class='ocrx_word' id='word_1_140' title='bbox 554 1975 611 2021; x_wconf 90' lang='lat' dir='ltr'>suo</span> <span class='ocrx_word' id='word_1_141' title='bbox 634 1973 668 2021; x_wconf 89' lang='lat' dir='ltr'>se</span> <span class='ocrx_word' id='word_1_142' title='bbox 691 1955 759 2021; x_wconf 91' lang='lat' dir='ltr'>loco</span> <span class='ocrx_word' id='word_1_143' title='bbox 783 1956 939 2021; x_wconf 88' lang='lat' dir='ltr'>continuit</span> <span class='ocrx_word' id='word_1_144' title='bbox 960 1960 992 2018; x_wconf 91' lang='lat' dir='ltr'>et</span> <span class='ocrx_word' id='word_1_145' title='bbox 1016 1954 1103 2020; x_wconf 91' lang='lat' dir='ltr'>brevi</span> <span class='ocrx_word' id='word_1_146' title='bbox 1126 1959 1268 2036; x_wconf 86' lang='lat' dir='ltr'>tempore</span> 
     </span>
     <span class='ocr_line' id='line_1_18' title="bbox 109 2059 1302 2154; baseline -0.002 -30"><span class='ocrx_word' id='word_1_147' title='bbox 109 2061 285 2127; x_wconf 84' lang='lat' dir='ltr'>intermisso</span> <span class='ocrx_word' id='word_1_148' title='bbox 313 2063 347 2128; x_wconf 90' lang='lat' dir='ltr'>in</span> <span class='ocrx_word' id='word_1_149' title='bbox 375 2068 483 2128; x_wconf 86' lang='lat' dir='ltr'>castra</span> <span class='ocrx_word' id='word_1_150' title='bbox 515 2062 655 2145; x_wconf 87' lang='lat' dir='ltr'>legiones</span> <span class='ocrx_word' id='word_1_151' title='bbox 687 2063 824 2127; x_wconf 85' lang='lat' dir='ltr'>reduxit.</span> <span class='ocrx_word' id='word_1_152' title='bbox 878 2061 959 2154; x_wconf 86' lang='lat' dir='ltr'>Dum</span> <span class='ocrx_word' id='word_1_153' title='bbox 993 2059 1070 2126; x_wconf 86' lang='lat' dir='ltr'>baec</span> <span class='ocrx_word' id='word_1_154' title='bbox 1101 2069 1302 2143; x_wconf 57' lang='lat' dir='ltr'>gerontone</span> 
     </span>
     <span class='ocr_line' id='line_1_19' title="bbox 107 2166 1267 2252; baseline 0.002 -21"><span class='ocrx_word' id='word_1_155' title='bbox 107 2167 226 2233; x_wconf 85' lang='lat' dir='ltr'>nostris</span> <span class='ocrx_word' id='word_1_156' title='bbox 248 2168 394 2235; x_wconf 91' lang='lat' dir='ltr'>omnibus</span> <span class='ocrx_word' id='word_1_157' title='bbox 417 2170 588 2252; x_wconf 86' lang='lat' dir='ltr'>occupatis,</span> <span class='ocrx_word' id='word_1_158' title='bbox 612 2170 666 2252; x_wconf 90' lang='lat' dir='ltr'>qui</span> <span class='ocrx_word' id='word_1_159' title='bbox 689 2171 782 2234; x_wconf 87' lang='lat' dir='ltr'>eraut</span> <span class='ocrx_word' id='word_1_160' title='bbox 803 2168 835 2233; x_wconf 88' lang='lat' dir='ltr'>in</span> <span class='ocrx_word' id='word_1_161' title='bbox 859 2167 946 2250; x_wconf 79' lang='lat' dir='ltr'>agris</span> <span class='ocrx_word' id='word_1_162' title='bbox 969 2166 1090 2249; x_wconf 73' lang='lat' dir='ltr'>reliqui,</span> <span class='ocrx_word' id='word_1_163' title='bbox 1115 2167 1267 2234; x_wconf 86' lang='lat' dir='ltr'>discesse-</span> 
     </span>
    </p>
   </div>
   <div class='ocr_carea' id='block_1_3' title="bbox 100 2428 1320 2591">
    <p class='ocr_par' dir='ltr' id='par_1_4' title="bbox 100 2428 1320 2591">
     <span class='ocr_line' id='line_1_20' title="bbox 103 2428 1320 2504; baseline 0.001 -19"><span class='ocrx_word' id='word_1_164' title='bbox 103 2430 210 2487; x_wconf 84' lang='lat' dir='ltr'>Sensen</span> <span class='ocrx_word' id='word_1_165' title='bbox 228 2434 368 2489; x_wconf 84' lang='lat' dir='ltr'>remchen.</span> <span class='ocrx_word' id='word_1_166' title='bbox 386 2463 420 2473; x_wconf 92' lang='lat'><em>-</em></span> <span class='ocrx_word' id='word_1_167' title='bbox 434 2437 611 2503; x_wconf 74' lang='lat' dir='ltr'>perequitant</span> <span class='ocrx_word' id='word_1_168' title='bbox 630 2432 688 2504; x_wconf 82' lang='lat' dir='ltr'>„sie</span> <span class='ocrx_word' id='word_1_169' title='bbox 740 2429 971 2501; x_wconf 81' lang='lat' dir='ltr'>Wagcndeichsel</span> <span class='ocrx_word' id='word_1_170' title='bbox 998 2428 1144 2501; x_wconf 79' lang='lat' dir='ltr'>beiestigt,</span> <span class='ocrx_word' id='word_1_171' title='bbox 1177 2430 1229 2485; x_wconf 82' lang='lat' dir='ltr'>aul</span> <span class='ocrx_word' id='word_1_172' title='bbox 1259 2431 1320 2486; x_wconf 90' lang='lat' dir='ltr'>dem</span> 
     </span>
     <span class='ocr_line' id='line_1_21' title="bbox 100 2517 1128 2591; baseline -0.002 -16"><span class='ocrx_word' id='word_1_173' title='bbox 100 2519 189 2589; x_wconf 73' lang='lat' dir='ltr'>jugan</span> <span class='ocrx_word' id='word_1_174' title='bbox 201 2521 326 2578; x_wconf 79' lang='lat' dir='ltr'>herum“.</span> <span class='ocrx_word' id='word_1_175' title='bbox 344 2551 378 2563; x_wconf 92' lang='lat'><em>-</em></span> <span class='ocrx_word' id='word_1_176' title='bbox 396 2522 456 2591; x_wconf 73' lang='lat' dir='ltr'>ipro</span> <span class='ocrx_word' id='word_1_177' title='bbox 468 2528 573 2577; x_wconf 82' lang='lat' dir='ltr'>terrore</span> <span class='ocrx_word' id='word_1_178' title='bbox 584 2522 686 2591; x_wconf 83' lang='lat' dir='ltr'>„ullein</span> <span class='ocrx_word' id='word_1_179' title='bbox 740 2520 851 2575; x_wconf 87' lang='lat' dir='ltr'>Naclren</span> <span class='ocrx_word' id='word_1_180' title='bbox 871 2519 921 2575; x_wconf 86' lang='lat' dir='ltr'>dor</span> <span class='ocrx_word' id='word_1_181' title='bbox 939 2517 1022 2574; x_wconf 85' lang='lat' dir='ltr'>Tiere</span> <span class='ocrx_word' id='word_1_182' title='bbox 1039 2519 1128 2575; x_wconf 72' lang='lat' dir='ltr'>ruhte,</span> 
     </span>
    </p>
   </div>
   <div class='ocr_carea' id='block_1_4' title="bbox 104 2608 1319 2729">
    <p class='ocr_par' dir='ltr' id='par_1_5' title="bbox 104 2608 1319 2729">
     <span class='ocr_line' id='line_1_22' title="bbox 104 2608 1319 2729; baseline 0.01 -24"><span class='ocrx_word' id='word_1_183' title='bbox 104 2608 193 2664; x_wconf 73' lang='lat'>⁸⁰¹¹⁰¹¹</span> <span class='ocrx_word' id='word_1_184' title='bbox 216 2610 299 2665; x_wconf 51' lang='grc' dir='ltr'><strong>Μ</strong></span> <span class='ocrx_word' id='word_1_185' title='bbox 326 2610 378 2666; x_wconf 71' lang='lat'>‘¹⁰¹¹</span> <span class='ocrx_word' id='word_1_186' title='bbox 397 2610 580 2666; x_wconf 60' lang='lat'><strong>⁸⁰¹³⁰⁰¹¹⁶¹¹“·</strong></span> <span class='ocrx_word' id='word_1_187' title='bbox 606 2609 641 2666; x_wconf 41' lang='grc' dir='ltr'>οἱ·</span> <span class='ocrx_word' id='word_1_188' title='bbox 658 2609 685 2664; x_wconf 72' lang='lat'>¹³·</span> <span class='ocrx_word' id='word_1_189' title='bbox 732 2654 821 2717; x_wconf 48' lang='lat' dir='ltr'>Aac.</span> <span class='ocrx_word' id='word_1_190' title='bbox 859 2666 881 2714; x_wconf 94' lang='lat'>1.</span> <span class='ocrx_word' id='word_1_191' title='bbox 900 2658 1007 2729; x_wconf 67' lang='lat' dir='ltr'>purum</span> <span class='ocrx_word' id='word_1_192' title='bbox 1024 2661 1319 2717; x_wconf 58' lang='lat' dir='ltr'>fabulosissime.</span> 
     </span>
    </p>
   </div>
   <div class='ocr_carea' id='block_1_5' title="bbox 738 2748 1320 3248">
    <p class='ocr_par' dir='ltr' id='par_1_6' title="bbox 738 2748 1320 3248">
     <span class='ocr_line' id='line_1_23' title="bbox 738 2748 1319 2818; baseline 0.005 -15"><span class='ocrx_word' id='word_1_193' title='bbox 738 2766 773 2803; x_wconf 86' lang='lat' dir='ltr'>au</span> <span class='ocrx_word' id='word_1_194' title='bbox 792 2749 852 2804; x_wconf 90' lang='lat' dir='ltr'>dem</span> <span class='ocrx_word' id='word_1_195' title='bbox 865 2748 949 2803; x_wconf 86' lang='lat' dir='ltr'>Datir</span> <span class='ocrx_word' id='word_1_196' title='bbox 967 2749 1137 2818; x_wconf 84' lang='lat' dir='ltr'>perturbatis</span> <span class='ocrx_word' id='word_1_197' title='bbox 1155 2751 1261 2804; x_wconf 83' lang='lat' dir='ltr'>nostris</span> <span class='ocrx_word' id='word_1_198' title='bbox 1274 2765 1319 2818; x_wconf 75' lang='lat' dir='ltr'>pe·</span> 
     </span>
     <span class='ocr_line' id='line_1_24' title="bbox 739 2836 1320 2907; baseline 0.003 -16"><span class='ocrx_word' id='word_1_199' title='bbox 739 2838 827 2907; x_wconf 74' lang='lat' dir='ltr'>herig,</span> <span class='ocrx_word' id='word_1_200' title='bbox 846 2837 976 2892; x_wconf 74' lang='lat' dir='ltr'>wahrend</span> <span class='ocrx_word' id='word_1_201' title='bbox 995 2836 1044 2891; x_wconf 85' lang='lat' dir='ltr'>der</span> <span class='ocrx_word' id='word_1_202' title='bbox 1060 2837 1176 2892; x_wconf 84' lang='lat' dir='ltr'>kauaale</span> <span class='ocrx_word' id='word_1_203' title='bbox 1191 2837 1253 2892; x_wconf 88' lang='lat' dir='ltr'>Abl.</span> <span class='ocrx_word' id='word_1_204' title='bbox 1273 2855 1320 2893; x_wconf 93' lang='lat' dir='ltr'>no·</span> 
     </span>
     <span class='ocr_line' id='line_1_25' title="bbox 738 2924 1320 2995; baseline 0 -16"><span class='ocrx_word' id='word_1_205' title='bbox 738 2924 1320 2995; x_wconf 76' lang='lat' dir='ltr'>vitatapugnaedenGrunddafuranpiebt</span> 
     </span>
     <span class='ocr_line' id='line_1_26' title="bbox 740 3013 1319 3072; baseline -0.002 -4"><span class='ocrx_word' id='word_1_206' title='bbox 740 3044 771 3054; x_wconf 90' lang='lat'>-</span> <span class='ocrx_word' id='word_1_207' title='bbox 792 3014 850 3068; x_wconf 80' lang='lat' dir='ltr'>eius</span> <span class='ocrx_word' id='word_1_208' title='bbox 868 3013 988 3068; x_wconf 65' lang='lat' dir='ltr'>morata</span> <span class='ocrx_word' id='word_1_209' title='bbox 1005 3013 1040 3068; x_wconf 84' lang='lat' dir='ltr'>cf.</span> <span class='ocrx_word' id='word_1_210' title='bbox 1059 3030 1092 3067; x_wconf 83' lang='lat' dir='ltr'>au</span> <span class='ocrx_word' id='word_1_211' title='bbox 1110 3014 1159 3067; x_wconf 85' lang='grc' dir='ltr'>ΙΙΙ.</span> <span class='ocrx_word' id='word_1_212' title='bbox 1177 3016 1220 3068; x_wconf 83' lang='grc'>23.</span> <span class='ocrx_word' id='word_1_213' title='bbox 1239 3018 1266 3072; x_wconf 84' lang='grc'>4.</span> <span class='ocrx_word' id='word_1_214' title='bbox 1285 3042 1319 3053; x_wconf 88' lang='grc'><strong>-</strong></span> 
     </span>
     <span class='ocr_line' id='line_1_27' title="bbox 739 3100 1319 3171; baseline 0 -14"><span class='ocrx_word' id='word_1_215' title='bbox 739 3101 919 3157; x_wconf 67' lang='lat' dir='ltr'>emulemur</span> <span class='ocrx_word' id='word_1_216' title='bbox 929 3146 936 3160; x_wconf 91' lang='lat'><strong>.</strong></span> <span class='ocrx_word' id='word_1_217' title='bbox 946 3141 953 3155; x_wconf 90' lang='grc'><strong>.</strong></span> <span class='ocrx_word' id='word_1_218' title='bbox 964 3104 1148 3171; x_wconf 80' lang='lat' dir='ltr'>.receperunt,</span> <span class='ocrx_word' id='word_1_219' title='bbox 1159 3100 1319 3171; x_wconf 82' lang='lat' dir='ltr'>Asyndoton</span> 
     </span>
     <span class='ocr_line' id='line_1_28' title="bbox 739 3190 1132 3248; baseline 0 -2"><span class='ocrx_word' id='word_1_220' title='bbox 739 3190 878 3248; x_wconf 83' lang='lat' dir='ltr'>adversat.</span> <span class='ocrx_word' id='word_1_221' title='bbox 896 3190 932 3245; x_wconf 85' lang='lat' dir='ltr'>ci.</span> <span class='ocrx_word' id='word_1_222' title='bbox 950 3206 985 3243; x_wconf 87' lang='lat' dir='ltr'>au</span> <span class='ocrx_word' id='word_1_223' title='bbox 1004 3190 1024 3244; x_wconf 91' lang='lat'>1.</span> <span class='ocrx_word' id='word_1_224' title='bbox 1045 3191 1086 3244; x_wconf 82' lang='grc'>18.</span> <span class='ocrx_word' id='word_1_225' title='bbox 1107 3193 1132 3246; x_wconf 89' lang='grc'>1.</span> 
     </span>
    </p>
   </div>
   <div class='ocr_carea' id='block_1_6' title="bbox 100 2698 1319 4359">
    <p class='ocr_par' dir='ltr' id='par_1_7' title="bbox 101 2698 685 3286">
     <span class='ocr_line' id='line_1_29' title="bbox 106 2698 684 2768; baseline 0 -17"><span class='ocrx_word' id='word_1_226' title='bbox 106 2713 130 2751; x_wconf 91' lang='lat' dir='ltr'>c.</span> <span class='ocrx_word' id='word_1_227' title='bbox 154 2698 201 2753; x_wconf 85' lang='lat'><em>111.</em></span> <span class='ocrx_word' id='word_1_228' title='bbox 223 2700 264 2753; x_wconf 83' lang='lat'>49.</span> <span class='ocrx_word' id='word_1_229' title='bbox 289 2703 301 2753; x_wconf 94' lang='lat' dir='ltr'>l</span> <span class='ocrx_word' id='word_1_230' title='bbox 328 2700 390 2768; x_wconf 87' lang='lat' dir='ltr'>ipsa</span> <span class='ocrx_word' id='word_1_231' title='bbox 408 2715 480 2767; x_wconf 85' lang='lat' dir='ltr'>spes.</span> <span class='ocrx_word' id='word_1_232' title='bbox 516 2698 629 2766; x_wconf 87' lang='lat' dir='ltr'>Terror,</span> <span class='ocrx_word' id='word_1_233' title='bbox 647 2698 684 2752; x_wconf 93' lang='lat' dir='ltr'>im</span> 
     </span>
     <span class='ocr_line' id='line_1_30' title="bbox 105 2785 685 2855; baseline 0.003 -16"><span class='ocrx_word' id='word_1_234' title='bbox 105 2785 277 2842; x_wconf 79' lang='lat' dir='ltr'>aktivischen</span> <span class='ocrx_word' id='word_1_235' title='bbox 290 2786 382 2855; x_wconf 83' lang='lat' dir='ltr'>Sinne,</span> <span class='ocrx_word' id='word_1_236' title='bbox 395 2787 444 2843; x_wconf 89' lang='lat' dir='ltr'>der</span> <span class='ocrx_word' id='word_1_237' title='bbox 454 2786 620 2854; x_wconf 85' lang='lat' dir='ltr'>Schreclren,</span> <span class='ocrx_word' id='word_1_238' title='bbox 633 2786 685 2841; x_wconf 86' lang='lat' dir='ltr'>den</span> 
     </span>
     <span class='ocr_line' id='line_1_31' title="bbox 103 2872 684 2934; baseline 0 -6"><span class='ocrx_word' id='word_1_239' title='bbox 103 2873 150 2929; x_wconf 88' lang='lat' dir='ltr'>die</span> <span class='ocrx_word' id='word_1_240' title='bbox 168 2872 267 2931; x_wconf 84' lang='lat' dir='ltr'>Pierde</span> <span class='ocrx_word' id='word_1_241' title='bbox 284 2874 439 2934; x_wconf 84' lang='lat' dir='ltr'>einflblsen.</span> <span class='ocrx_word' id='word_1_242' title='bbox 458 2905 492 2917; x_wconf 91' lang='lat'>-</span> <span class='ocrx_word' id='word_1_243' title='bbox 511 2891 572 2931; x_wconf 83' lang='lat' dir='ltr'>cum</span> <span class='ocrx_word' id='word_1_244' title='bbox 583 2914 590 2929; x_wconf 89' lang='lat'><strong>.</strong></span> <span class='ocrx_word' id='word_1_245' title='bbox 601 2916 608 2930; x_wconf 89' lang='lat'><strong>.</strong></span> <span class='ocrx_word' id='word_1_246' title='bbox 621 2916 628 2930; x_wconf 87' lang='lat'>.</span> <span class='ocrx_word' id='word_1_247' title='bbox 643 2875 684 2929; x_wconf 81' lang='lat' dir='ltr'>in-</span> 
     </span>
     <span class='ocr_line' id='line_1_32' title="bbox 101 2960 685 3030; baseline 0.009 -16"><span class='ocrx_word' id='word_1_248' title='bbox 101 2960 298 3030; x_wconf 75' lang='lat' dir='ltr'>sinuaverunt,</span> <span class='ocrx_word' id='word_1_249' title='bbox 329 2980 405 3019; x_wconf 74' lang='lat' dir='ltr'>penu</span> <span class='ocrx_word' id='word_1_250' title='bbox 433 2965 474 3019; x_wconf 87' lang='lat' dir='ltr'>sie</span> <span class='ocrx_word' id='word_1_251' title='bbox 501 2964 560 3019; x_wconf 84' lang='lat' dir='ltr'>sich</span> <span class='ocrx_word' id='word_1_252' title='bbox 586 2965 614 3019; x_wconf 93' lang='lat' dir='ltr'>in</span> <span class='ocrx_word' id='word_1_253' title='bbox 642 2964 685 3019; x_wconf 89' lang='lat' dir='ltr'>die</span> 
     </span>
     <span class='ocr_line' id='line_1_33' title="bbox 102 3049 685 3119; baseline 0.005 -16"><span class='ocrx_word' id='word_1_254' title='bbox 102 3049 346 3106; x_wconf 77' lang='lat' dir='ltr'>erisehenraume</span> <span class='ocrx_word' id='word_1_255' title='bbox 354 3052 429 3108; x_wconf 86' lang='lat' dir='ltr'>ihrer</span> <span class='ocrx_word' id='word_1_256' title='bbox 438 3052 552 3119; x_wconf 78' lang='lat' dir='ltr'>eigenen</span> <span class='ocrx_word' id='word_1_257' title='bbox 562 3052 685 3107; x_wconf 83' lang='lat' dir='ltr'>Reitorei</span> 
     </span>
     <span class='ocr_line' id='line_1_34' title="bbox 104 3124 684 3207; baseline 0.009 -16"><span class='ocrx_word' id='word_1_258' title='bbox 104 3137 321 3207; x_wconf 75' lang='lat' dir='ltr'>bineiugenogeu</span> <span class='ocrx_word' id='word_1_259' title='bbox 334 3139 432 3195; x_wconf 86' lang='lat' dir='ltr'>baben.</span> <span class='ocrx_word' id='word_1_260' title='bbox 450 3124 526 3195; x_wconf 71' lang='lat' dir='ltr'>Uber</span> <span class='ocrx_word' id='word_1_261' title='bbox 539 3139 591 3195; x_wconf 89' lang='lat' dir='ltr'>den</span> <span class='ocrx_word' id='word_1_262' title='bbox 601 3140 684 3196; x_wconf 82' lang='lat' dir='ltr'>ludio.</span> 
     </span>
     <span class='ocr_line' id='line_1_35' title="bbox 102 3226 366 3286; baseline 0.004 -5"><span class='ocrx_word' id='word_1_263' title='bbox 102 3226 366 3286; x_wconf 58' lang='lat' dir='ltr'>mmmm&amp;</span> 
     </span>
    </p>

    <p class='ocr_par' dir='ltr' id='par_1_8' title="bbox 100 3294 1319 4359">
     <span class='ocr_line' id='line_1_36' title="bbox 140 3294 1317 3385; baseline -0.002 -32"><span class='ocrx_word' id='word_1_264' title='bbox 140 3316 167 3371; x_wconf 50' lang='lat'>3,</span> <span class='ocrx_word' id='word_1_265' title='bbox 185 3314 282 3369; x_wconf 56' lang='lat' dir='ltr'>pedm·</span> <span class='ocrx_word' id='word_1_266' title='bbox 293 3330 326 3369; x_wconf 59' lang='grc' dir='ltr'>ω</span> <span class='ocrx_word' id='word_1_267' title='bbox 333 3314 493 3385; x_wconf 49' lang='lat' dir='ltr'>praecipiti,</span> <span class='ocrx_word' id='word_1_268' title='bbox 503 3332 536 3371; x_wconf 54' lang='grc' dir='ltr'>,ο</span> <span class='ocrx_word' id='word_1_269' title='bbox 546 3315 686 3385; x_wconf 57' lang='lat' dir='ltr'>stepgemd</span> <span class='ocrx_word' id='word_1_270' title='bbox 774 3302 800 3352; x_wconf 82' lang='lat'>2.</span> <span class='ocrx_word' id='word_1_271' title='bbox 818 3296 856 3351; x_wconf 80' lang='lat' dir='ltr'>ad</span> <span class='ocrx_word' id='word_1_272' title='bbox 867 3294 1059 3362; x_wconf 80' lang='lat' dir='ltr'>lacessendum,</span> <span class='ocrx_word' id='word_1_273' title='bbox 1072 3294 1158 3350; x_wconf 85' lang='lat' dir='ltr'>absol.</span> <span class='ocrx_word' id='word_1_274' title='bbox 1171 3296 1243 3350; x_wconf 88' lang='lat' dir='ltr'>ohne</span> <span class='ocrx_word' id='word_1_275' title='bbox 1257 3296 1317 3365; x_wconf 92' lang='lat' dir='ltr'>Obj.</span> 
     </span>
     <span class='ocr_line' id='line_1_37' title="bbox 107 3384 1318 3473; baseline -0.003 -16"><span class='ocrx_word' id='word_1_276' title='bbox 107 3402 262 3472; x_wconf 76' lang='lat' dir='ltr'>„abuangig</span> <span class='ocrx_word' id='word_1_277' title='bbox 279 3403 336 3458; x_wconf 88' lang='lat' dir='ltr'>und</span> <span class='ocrx_word' id='word_1_278' title='bbox 348 3418 431 3472; x_wconf 77' lang='lat' dir='ltr'>cogar</span> <span class='ocrx_word' id='word_1_279' title='bbox 443 3403 632 3473; x_wconf 81' lang='lat' dir='ltr'>abschussig“.</span> <span class='ocrx_word' id='word_1_280' title='bbox 651 3405 685 3459; x_wconf 88' lang='lat' dir='ltr'>cf.</span> <span class='ocrx_word' id='word_1_281' title='bbox 740 3416 772 3425; x_wconf 83' lang='lat'><strong>·</strong></span> <span class='ocrx_word' id='word_1_282' title='bbox 790 3385 908 3455; x_wconf 46' lang='grc' dir='ltr'>ΨΜ</span> <span class='ocrx_word' id='word_1_283' title='bbox 926 3384 1045 3439; x_wconf 52' lang='lat' dir='ltr'>reduxi&amp;</span> <span class='ocrx_word' id='word_1_284' title='bbox 1072 3384 1150 3439; x_wconf 61' lang='grc' dir='ltr'><strong>Μ</strong></span> <span class='ocrx_word' id='word_1_285' title='bbox 1171 3385 1222 3440; x_wconf 69' lang='grc' dir='ltr'>9ῗο</span> <span class='ocrx_word' id='word_1_286' title='bbox 1242 3386 1318 3441; x_wconf 67' lang='lat'>0³³³·</span> 
     </span>
     <span class='ocr_line' id='line_1_38' title="bbox 107 3472 1319 3547; baseline -0.002 -14"><span class='ocrx_word' id='word_1_287' title='bbox 107 3490 165 3546; x_wconf 75' lang='lat' dir='ltr'>m</span> <span class='ocrx_word' id='word_1_288' title='bbox 183 3494 226 3547; x_wconf 74' lang='lat' dir='ltr'>gg,</span> <span class='ocrx_word' id='word_1_289' title='bbox 248 3497 262 3546; x_wconf 84' lang='lat'>1</span> <span class='ocrx_word' id='word_1_290' title='bbox 281 3490 397 3547; x_wconf 55' lang='lat' dir='ltr'>declivia</span> <span class='ocrx_word' id='word_1_291' title='bbox 416 3499 445 3546; x_wconf 64' lang='lat' dir='ltr'>et</span> <span class='ocrx_word' id='word_1_292' title='bbox 464 3491 576 3547; x_wconf 60' lang='lat' dir='ltr'>devm</span> <span class='ocrx_word' id='word_1_293' title='bbox 590 3520 622 3531; x_wconf 91' lang='lat'>..</span> <span class='ocrx_word' id='word_1_294' title='bbox 641 3491 685 3544; x_wconf 53' lang='lat' dir='ltr'>pp.</span> <span class='ocrx_word' id='word_1_295' title='bbox 739 3477 782 3541; x_wconf 83' lang='lat'>39,</span> <span class='ocrx_word' id='word_1_296' title='bbox 801 3478 835 3528; x_wconf 82' lang='lat'>52</span> <span class='ocrx_word' id='word_1_297' title='bbox 860 3475 937 3529; x_wconf 83' lang='lat' dir='ltr'>hatte</span> <span class='ocrx_word' id='word_1_298' title='bbox 961 3472 1004 3527; x_wconf 88' lang='lat' dir='ltr'>die</span> <span class='ocrx_word' id='word_1_299' title='bbox 1024 3476 1048 3527; x_wconf 82' lang='lat'>7.</span> <span class='ocrx_word' id='word_1_300' title='bbox 1067 3472 1172 3542; x_wconf 76' lang='lat' dir='ltr'>legion</span> <span class='ocrx_word' id='word_1_301' title='bbox 1198 3474 1319 3531; x_wconf 82' lang='lat' dir='ltr'>schwere</span> 
     </span>
     <span class='ocr_line' id='line_1_39' title="bbox 103 3561 1010 3649; baseline -0.002 -14"><span class='ocrx_word' id='word_1_302' title='bbox 103 3580 302 3649; x_wconf 67' lang='lat' dir='ltr'>arcemque</span> <span class='ocrx_word' id='word_1_303' title='bbox 319 3580 460 3646; x_wconf 72' lang='lat' dir='ltr'>seutiam,</span> <span class='ocrx_word' id='word_1_304' title='bbox 479 3579 521 3635; x_wconf 88' lang='lat' dir='ltr'>die</span> <span class='ocrx_word' id='word_1_305' title='bbox 538 3578 637 3634; x_wconf 78' lang='lat' dir='ltr'>Plaude</span> <span class='ocrx_word' id='word_1_306' title='bbox 657 3579 684 3634; x_wconf 90' lang='lat' dir='ltr'>in</span> <span class='ocrx_word' id='word_1_307' title='bbox 739 3561 868 3619; x_wconf 54' lang='lat' dir='ltr'>vellum</span> <span class='ocrx_word' id='word_1_308' title='bbox 887 3561 1010 3618; x_wconf 61' lang='lat' dir='ltr'>“listen-</span> 
     </span>
     <span class='ocr_line' id='line_1_40' title="bbox 103 3665 1319 3737; baseline -0.002 -14"><span class='ocrx_word' id='word_1_309' title='bbox 103 3668 204 3725; x_wconf 85' lang='lat' dir='ltr'>vollem</span> <span class='ocrx_word' id='word_1_310' title='bbox 227 3668 304 3723; x_wconf 77' lang='lat' dir='ltr'>Laut</span> <span class='ocrx_word' id='word_1_311' title='bbox 325 3668 430 3731; x_wconf 81' lang='lat' dir='ltr'>hulten,</span> <span class='ocrx_word' id='word_1_312' title='bbox 458 3669 529 3723; x_wconf 90' lang='lat' dir='ltr'>ohne</span> <span class='ocrx_word' id='word_1_313' title='bbox 556 3667 617 3725; x_wconf 82' lang='lat' dir='ltr'>dass</span> <span class='ocrx_word' id='word_1_314' title='bbox 645 3669 684 3723; x_wconf 84' lang='lat' dir='ltr'>sie</span> <span class='ocrx_word' id='word_1_315' title='bbox 774 3673 799 3725; x_wconf 82' lang='lat'>8.</span> <span class='ocrx_word' id='word_1_316' title='bbox 818 3667 893 3722; x_wconf 80' lang='lat' dir='ltr'>Dum</span> <span class='ocrx_word' id='word_1_317' title='bbox 911 3667 977 3722; x_wconf 83' lang='lat' dir='ltr'>baec</span> <span class='ocrx_word' id='word_1_318' title='bbox 990 3672 1126 3737; x_wconf 72' lang='lat' dir='ltr'>peroratur</span> <span class='ocrx_word' id='word_1_319' title='bbox 1139 3665 1198 3723; x_wconf 83' lang='lat' dir='ltr'>scil.</span> <span class='ocrx_word' id='word_1_320' title='bbox 1212 3667 1319 3722; x_wconf 81' lang='lat' dir='ltr'>(lerun-</span> 
     </span>
     <span class='ocr_line' id='line_1_41' title="bbox 105 3754 1319 3827; baseline -0.003 -14"><span class='ocrx_word' id='word_1_321' title='bbox 105 3756 155 3813; x_wconf 83' lang='lat' dir='ltr'>suf</span> <span class='ocrx_word' id='word_1_322' title='bbox 170 3757 223 3813; x_wconf 87' lang='lat' dir='ltr'>deu</span> <span class='ocrx_word' id='word_1_323' title='bbox 243 3757 341 3813; x_wconf 82' lang='lat' dir='ltr'>etoilen</span> <span class='ocrx_word' id='word_1_324' title='bbox 354 3756 508 3827; x_wconf 73' lang='lat' dir='ltr'>Abhtngcu</span> <span class='ocrx_word' id='word_1_325' title='bbox 522 3763 684 3813; x_wconf 73' lang='lat' dir='ltr'>sultzen·</span> <span class='ocrx_word' id='word_1_326' title='bbox 737 3762 886 3811; x_wconf 84' lang='lat' dir='ltr'>vermutete</span> <span class='ocrx_word' id='word_1_327' title='bbox 905 3754 1015 3824; x_wconf 81' lang='lat' dir='ltr'>Angriff</span> <span class='ocrx_word' id='word_1_328' title='bbox 1030 3754 1080 3811; x_wconf 84' lang='lat' dir='ltr'>der</span> <span class='ocrx_word' id='word_1_329' title='bbox 1099 3755 1265 3810; x_wconf 85' lang='lat' dir='ltr'>Britannier.</span> <span class='ocrx_word' id='word_1_330' title='bbox 1285 3785 1319 3797; x_wconf 92' lang='lat'><em>-</em></span> 
     </span>
     <span class='ocr_line' id='line_1_42' title="bbox 102 3832 1319 3914; baseline -0.002 -13"><span class='ocrx_word' id='word_1_331' title='bbox 102 3846 180 3901; x_wconf 82' lang='lat' dir='ltr'>breui</span> <span class='ocrx_word' id='word_1_332' title='bbox 196 3844 345 3914; x_wconf 76' lang='lat' dir='ltr'>moderari,</span> <span class='ocrx_word' id='word_1_333' title='bbox 367 3846 394 3899; x_wconf 91' lang='lat' dir='ltr'>in</span> <span class='ocrx_word' id='word_1_334' title='bbox 413 3845 513 3901; x_wconf 82' lang='lat' dir='ltr'>kurzer</span> <span class='ocrx_word' id='word_1_335' title='bbox 531 3845 595 3900; x_wconf 88' lang='lat' dir='ltr'>Zcit</span> <span class='ocrx_word' id='word_1_336' title='bbox 613 3846 638 3901; x_wconf 85' lang='lat' dir='ltr'>d.</span> <span class='ocrx_word' id='word_1_337' title='bbox 657 3846 684 3901; x_wconf 90' lang='lat' dir='ltr'>h.</span> <span class='ocrx_word' id='word_1_338' title='bbox 738 3832 786 3914; x_wconf 73' lang='lat' dir='ltr'>qui</span> <span class='ocrx_word' id='word_1_339' title='bbox 804 3850 882 3899; x_wconf 77' lang='lat' dir='ltr'>oraru</span> <span class='ocrx_word' id='word_1_340' title='bbox 899 3844 932 3896; x_wconf 77' lang='lat' dir='ltr'>ia</span> <span class='ocrx_word' id='word_1_341' title='bbox 949 3842 1027 3913; x_wconf 78' lang='lat' dir='ltr'>apris</span> <span class='ocrx_word' id='word_1_342' title='bbox 1044 3842 1149 3911; x_wconf 77' lang='lat' dir='ltr'>reliqui.</span> <span class='ocrx_word' id='word_1_343' title='bbox 1191 3844 1241 3899; x_wconf 90' lang='lat' dir='ltr'>Dic</span> <span class='ocrx_word' id='word_1_344' title='bbox 1260 3843 1319 3898; x_wconf 91' lang='lat' dir='ltr'>Bri-</span> 
     </span>
     <span class='ocr_line' id='line_1_43' title="bbox 100 3930 1318 4002; baseline -0.003 -11"><span class='ocrx_word' id='word_1_345' title='bbox 100 3935 191 3993; x_wconf 82' lang='lat' dir='ltr'>leiebc</span> <span class='ocrx_word' id='word_1_346' title='bbox 211 3934 291 3989; x_wconf 86' lang='lat' dir='ltr'>ibren</span> <span class='ocrx_word' id='word_1_347' title='bbox 308 3932 384 3989; x_wconf 76' lang='lat' dir='ltr'>Laut</span> <span class='ocrx_word' id='word_1_348' title='bbox 404 3934 547 4002; x_wconf 74' lang='lat' dir='ltr'>malsigen.</span> <span class='ocrx_word' id='word_1_349' title='bbox 576 3962 611 3974; x_wconf 94' lang='lat'>-</span> <span class='ocrx_word' id='word_1_350' title='bbox 631 3949 685 4002; x_wconf 84' lang='lat' dir='ltr'>per</span> <span class='ocrx_word' id='word_1_351' title='bbox 739 3934 862 3999; x_wconf 76' lang='lat' dir='ltr'>saunier,</span> <span class='ocrx_word' id='word_1_352' title='bbox 886 3930 989 3986; x_wconf 79' lang='lat' dir='ltr'>welche</span> <span class='ocrx_word' id='word_1_353' title='bbox 1013 3932 1084 3986; x_wconf 88' lang='lat' dir='ltr'>nach</span> <span class='ocrx_word' id='word_1_354' title='bbox 1109 3931 1318 3987; x_wconf 81' lang='lat' dir='ltr'>c.32.1noeh</span> 
     </span>
     <span class='ocr_line' id='line_1_44' title="bbox 100 4016 1318 4093; baseline -0.006 -12"><span class='ocrx_word' id='word_1_355' title='bbox 100 4030 234 4081; x_wconf 77' lang='lat' dir='ltr'>temonem</span> <span class='ocrx_word' id='word_1_356' title='bbox 252 4022 347 4093; x_wconf 76' lang='lat' dir='ltr'>„lange</span> <span class='ocrx_word' id='word_1_357' title='bbox 367 4021 586 4078; x_wconf 65' lang='lat' dir='ltr'>cerneremur.</span> <span class='ocrx_word' id='word_1_358' title='bbox 603 4051 634 4061; x_wconf 96' lang='lat'>-</span> <span class='ocrx_word' id='word_1_359' title='bbox 653 4021 686 4075; x_wconf 66' lang='lat' dir='ltr'>br</span> <span class='ocrx_word' id='word_1_360' title='bbox 738 4016 1318 4087; x_wconf 72' lang='lat' dir='ltr'>auiibrenBcuitaungengcbliebenwarem</span> 
     </span>
     <span class='ocr_line' id='line_1_45' title="bbox 101 4105 1317 4183; baseline -0.005 -16"><span class='ocrx_word' id='word_1_361' title='bbox 101 4113 177 4183; x_wconf 76' lang='lat' dir='ltr'>iupa.</span> <span class='ocrx_word' id='word_1_362' title='bbox 214 4112 265 4167; x_wconf 91' lang='lat' dir='ltr'>Die</span> <span class='ocrx_word' id='word_1_363' title='bbox 283 4111 411 4179; x_wconf 77' lang='lat' dir='ltr'>Zugtiere</span> <span class='ocrx_word' id='word_1_364' title='bbox 437 4126 526 4167; x_wconf 82' lang='lat' dir='ltr'>waren</span> <span class='ocrx_word' id='word_1_365' title='bbox 551 4111 627 4165; x_wconf 87' lang='lat' dir='ltr'>nieht</span> <span class='ocrx_word' id='word_1_366' title='bbox 649 4126 685 4164; x_wconf 84' lang='lat' dir='ltr'>an</span> <span class='ocrx_word' id='word_1_367' title='bbox 738 4118 832 4165; x_wconf 84' lang='lat' dir='ltr'>traten</span> <span class='ocrx_word' id='word_1_368' title='bbox 862 4107 996 4165; x_wconf 85' lang='lat' dir='ltr'>ebenialls</span> <span class='ocrx_word' id='word_1_369' title='bbox 1021 4105 1124 4175; x_wconf 75' lang='lat' dir='ltr'>infulge</span> <span class='ocrx_word' id='word_1_370' title='bbox 1149 4107 1197 4162; x_wconf 87' lang='lat' dir='ltr'>des</span> <span class='ocrx_word' id='word_1_371' title='bbox 1223 4106 1317 4175; x_wconf 80' lang='lat' dir='ltr'>glbclr·</span> 
     </span>
     <span class='ocr_line' id='line_1_46' title="bbox 102 4192 1318 4275; baseline -0.005 -18"><span class='ocrx_word' id='word_1_372' title='bbox 102 4202 226 4269; x_wconf 77' lang='lat' dir='ltr'>strange</span> <span class='ocrx_word' id='word_1_373' title='bbox 236 4207 381 4272; x_wconf 74' lang='lat' dir='ltr'>gerpannt,</span> <span class='ocrx_word' id='word_1_374' title='bbox 394 4199 513 4255; x_wconf 82' lang='lat' dir='ltr'>scudem</span> <span class='ocrx_word' id='word_1_375' title='bbox 525 4216 612 4268; x_wconf 75' lang='lat' dir='ltr'>rogen</span> <span class='ocrx_word' id='word_1_376' title='bbox 628 4213 684 4253; x_wconf 84' lang='lat' dir='ltr'>rer-</span> <span class='ocrx_word' id='word_1_377' title='bbox 739 4198 827 4253; x_wconf 86' lang='lat' dir='ltr'>lichen</span> <span class='ocrx_word' id='word_1_378' title='bbox 842 4199 1005 4266; x_wconf 78' lang='lat' dir='ltr'>Ausgauges</span> <span class='ocrx_word' id='word_1_379' title='bbox 1025 4192 1073 4249; x_wconf 85' lang='lat' dir='ltr'>dea</span> <span class='ocrx_word' id='word_1_380' title='bbox 1086 4193 1219 4275; x_wconf 86' lang='lat' dir='ltr'>Kamples</span> <span class='ocrx_word' id='word_1_381' title='bbox 1236 4202 1318 4251; x_wconf 81' lang='lat' dir='ltr'>untur</span> 
     </span>
     <span class='ocr_line' id='line_1_47' title="bbox 102 4282 858 4359; baseline -0.012 -9"><span class='ocrx_word' id='word_1_382' title='bbox 102 4289 221 4350; x_wconf 80' lang='lat' dir='ltr'>mittetur</span> <span class='ocrx_word' id='word_1_383' title='bbox 240 4289 290 4345; x_wconf 80' lang='lat' dir='ltr'>das</span> <span class='ocrx_word' id='word_1_384' title='bbox 307 4288 419 4359; x_wconf 75' lang='lat' dir='ltr'>tochos,</span> <span class='ocrx_word' id='word_1_385' title='bbox 443 4288 559 4345; x_wconf 79' lang='lat' dir='ltr'>welches</span> <span class='ocrx_word' id='word_1_386' title='bbox 583 4302 620 4343; x_wconf 85' lang='lat' dir='ltr'>an</span> <span class='ocrx_word' id='word_1_387' title='bbox 638 4286 686 4341; x_wconf 82' lang='lat' dir='ltr'>der</span> <span class='ocrx_word' id='word_1_388' title='bbox 739 4282 858 4341; x_wconf 73' lang='lat' dir='ltr'>waren.</span> 
     </span>
    </p>
   </div>
   <div class='ocr_carea' id='block_1_7' title="bbox 0 0 1472 4750">
    <p class='ocr_par' dir='ltr' id='par_1_9' title="bbox 0 0 1472 4750">
     <span class='ocr_line' id='line_1_48' title="bbox 0 0 1472 4750; baseline 0 0"><span class='ocrx_word' id='word_1_389' title='bbox 0 0 1472 4750; x_wconf 95' lang='lat' dir='ltr'> </span> 
     </span>
    </p>
   </div>
  </div>
 </body>
</html>
