2934 4750
644 214 685 270 De
702 213 777 269 bollo
796 213 911 270 Gallico.

223 356 394 421 latitudine
422 359 455 420 et
482 355 684 421 multitudine
712 356 874 422 homiuum
897 375 935 423 ax
957 359 1053 422 tertie
1075 365 1167 439 parte
1190 359 1312 426 Galliae
1335 366 1383 426 est

224 462 430 542 aestimanda,
454 480 526 526 cum
549 461 760 544 intellegeret,
782 462 815 526 in
839 462 878 526 iis
897 462 974 528 locis
991 463 1052 528 sibi
1068 465 1184 530 bellum
1201 466 1382 548 gerendum,

223 570 277 634 ubi
311 569 420 651 paucis
454 573 529 632 ante
560 569 652 633 aunis
686 569 801 656 Lucius
833 567 978 634 Valerius
1011 569 1223 637 Praeconinus
1258 572 1383 654 legatus

224 675 365 740 exercitu
398 673 490 757 pulso
520 671 704 740 interiectus
736 679 833 752 esset,
870 680 967 755 atque
997 676 1081 741 unde
1111 675 1226 744 Lucius
1258 677 1384 744 Mallius

222 779 391 863 proconsul
413 779 647 861 impedimentis
669 781 795 845 amissis
815 779 1019 863 profugisset,
1039 799 1101 848 non
1118 783 1308 849 mediocrem
1322 785 1382 849 sibi

187 889 418 969 adiligentiam
449 885 660 952 adhibendam
695 884 910 968 intellegebat.
964 887 1077 969 Itaque
1110 907 1146 954 re
1179 888 1384 956 frumentaria

223 996 358 1077 provisa,
386 992 510 1058 auxiliis
533 992 740 1073 equitatuque
763 1000 956 1073 comparato,
985 993 1094 1060 multis
1117 1003 1285 1076 praeterea
1308 996 1383 1061 viris

222 1100 357 1166 fortibus
386 1100 501 1164 Tolosa
528 1106 562 1162 et
588 1097 752 1177 Narbone,
779 1116 860 1178 qnae
889 1104 964 1164 sunt
991 1100 1141 1165 civitates·
1158 1100 1281 1167 Galliae
1312 1119 1380 1183 pro·

222 1207 344 1272 vinciae
359 1203 510 1270 finitimae
525 1203 574 1267 his
589 1203 780 1285 regionibus,
804 1206 988 1268 nominatim
1004 1207 1144 1271 evocatis
1159 1208 1193 1270 in
1205 1203 1381 1272 Sentiatum

187 1311 301 1380 aflues
328 1313 499 1379 exercitum
530 1309 713 1375 introduxit
770 1307 867 1375 Cuius
897 1311 1036 1376 adventu
1067 1314 1193 1395 cognito
1224 1314 1383 1379 Sontiatcs

222 1421 347 1502 mugnis
374 1418 472 1501 copiis
500 1416 618 1482 coactis
640 1417 855 1497 equitatuque,
888 1434 950 1497 quo
973 1417 1141 1498 plurimum
1164 1419 1322 1500 valebant,
1350 1419 1380 1484 in

221 1526 335 1590 itinere
365 1541 479 1606 agmen
502 1527 645 1587 nostrum
668 1521 773 1585 adorti
795 1521 930 1602 primum
954 1529 1099 1602 equestre
1121 1523 1276 1605 proelium
1299 1543 1382 1591 com-

185 1645 204 1696 4
221 1631 384 1709 miserunt,
408 1628 531 1707 deinde,
547 1627 691 1708 equitatu
706 1643 765 1691 suo
780 1625 872 1707 pulso
888 1631 984 1708 etque
998 1628 1238 1710 insequentibus
1253 1631 1381 1708 uostris,

220 1736 326 1802 subito
341 1735 504 1816 pedestres
517 1732 633 1815 copias,
652 1731 775 1811 quasin
793 1731 935 1796 convalle
949 1732 982 1796 in
997 1733 1116 1798 insidiis
1135 1734 1378 1812 collocaverant,
1464 1755 1465 1794 ι

186 1842 190 1848 “
221 1841 437 1907 ostenderunt,
480 1839 529 1903 Hi
543 1845 670 1902 nostros
692 1837 841 1903 disiectos
869 1836 974 1903 adorti
1000 1839 1153 1920 proelium
1180 1847 1379 1909 renovarunt.

186 1963 199 2013 1
309 1951 361 2013 21.
385 1946 565 2029 Pugnatum
588 1951 638 2009 est
652 1943 714 2007 diu
736 1950 832 2025 atque
855 1948 981 2024 acriter,
1011 1963 1080 2010 cum
1104 1945 1267 2014 Sontietes
1289 1965 1381 2030 supe-

219 2053 355 2120 rioribus
377 2053 516 2118 victoriis
538 2048 613 2116 freti
635 2049 667 2113 in
690 2067 748 2113 sua
771 2050 889 2115 virtute
912 2050 1010 2116 totius
1035 2053 1222 2132 Aquitaniae
1244 2053 1380 2120 salutem

166 2248 270 2301 dictum
293 2251 331 2300 eat
356 2244 392 2301 cl.
415 2244 523 2297 t1.1.
552 2269 581 2280 -
611 2256 646 2294 eo
662 2241 747 2294 tertia
834 2246 860 2300 2.
878 2257 908 2296 re
917 2243 1103 2308 frumentaria
1109 2243 1225 2312 prouisa
1238 2245 1305 2302 cic.
1316 2247 1380 2302 inb

161 2341 245 2406 parte
269 2333 378 2389 Galliac
402 2336 442 2386 eat
463 2328 649 2396 aestimanda,
675 2329 746 2385 nach
800 2330 844 2385 oui
862 2330 903 2385 rei
919 2339 1042 2390 ...erat
1060 2337 1208 2401 provisum.
1221 2362 1252 2375 -
1266 2332 1380 2390 omilin

166 2424 311 2492 idalsgabe
336 2424 384 2477 dea
410 2420 513 2475 dritten
538 2419 639 2485 Teiles,
667 2417 692 2472 d.
718 2418 746 2473 h.
800 2419 1377 2491 scil.Fulstruppen.-cmapuruto,gram·

165 2512 209 2567 als
230 2513 274 2565 eiu
295 2509 405 2565 irrittoil
423 2507 556 2575 Galliena,
579 2506 640 2562 eine
663 2522 746 2575 unge·
798 2508 914 2562 matisch
929 2507 978 2563 aul
988 2507 1037 2562 das
1050 2508 1277 2578 torbergehende
1291 2509 1379 2563 Subst.

165 2595 547 2674 wobmicnessonaaruktion„
570 2595 611 2649 lm
629 2593 746 2664 dbrigen
798 2595 927 2662 beregen.
956 2626 988 2637 «-
1022 2594 1122 2651 Tolosa
1145 2602 1171 2651 ct
1194 2596 1329 2655 Narbone
1345 2618 1378 2640 ==

164 2689 204 2745 itt
221 2687 265 2743 die
278 2687 393 2755 Angabe
406 2685 509 2741 cesara
528 2683 594 2737 sebr
609 2700 744 2753 ungenau.
798 2682 938 2739 Toulouse
964 2684 1020 2739 und
1047 2684 1204 2741 Narbonne.
1231 2716 1266 2725 -
1295 2682 1378 2738 aurul-

165 2806 197 2819 ·-
217 2792 278 2831 cum
295 2775 464 2844 iatclicgcrct
501 2773 611 2829 Diouem
630 2770 744 2827 Kauaul·
797 2771 886 2827 cutim
912 2772 1036 2831 roncalia.
1074 2774 1251 2843 Diejenigeu‚
1279 2772 1378 2828 welche

164 2872 223 2920 sata
242 2866 279 2919 ist
297 2864 345 2919 der
363 2857 745 2930 vorangobendeTemporal·
799 2858 842 2915 die
864 2861 1077 2930 geaetamdlsige
1100 2862 1163 2918 Zoit
1188 2862 1276 2919 achon
1299 2862 1375 2928 abge

165 2963 226 3009 sata
244 2970 305 3009 cum
318 2992 325 3007 .
337 2993 345 3008 .
359 2995 366 3008 .
379 2951 551 3020 pervenisset
569 2948 646 3003 nicht
663 2948 744 3002 koor·
798 2947 875 3003 client
893 2949 1003 3016 hatten,
1030 2950 1142 3005 wurden
1162 2953 1190 3005 in
1209 2948 1376 3019 dringenden

165 3042 281 3108 diniert,
306 3042 426 3095 sondern
449 3039 498 3095 der
520 3038 636 3092 letatura
660 3035 745 3091 bildet
797 3036 895 3091 Falleu
922 3038 1070 3093 wiederum
1097 3054 1159 3093 aum
1184 3038 1376 3106 Kriegsdienst

138 3152 140 3155 ¹
163 3131 216 3186 den
240 3129 408 3185 Vorderaatu
431 3143 494 3181 zum
517 3137 659 3191 materen,
687 3123 744 3179 und
796 3123 958 3179 einberuien
973 3125 1028 3179 und
1040 3125 1146 3181 hiessen
1159 3127 1273 3181 evocati.
1296 3126 1377 3179 Diese

163 3219 241 3275 boida
260 3218 365 3273 rereiut
383 3217 436 3272 den
449 3215 617 3269 Vorderaata
635 3230 669 3267 au
682 3213 743 3267 dem
796 3212 931 3269 orbielten
950 3212 1003 3268 den
1020 3213 1169 3283 donpeiteu
1183 3214 1248 3269 Sold
1262 3213 1318 3269 und
1330 3225 1374 3280 ge·

162 3308 336 3375 flaupuaue
365 3304 551 3371 intellegebat.
582 3330 615 3341 -
641 3300 744 3369 paucis
795 3315 895 3355 nossem
923 3300 1114 3368 manniglache
1142 3301 1309 3357 Freiheiten.
1341 3324 1374 3336 -

163 3400 227 3449 unte
243 3394 336 3459 naam,
353 3409 378 3451 a.
396 3395 430 3448 78
448 3408 473 3445 r.
486 3390 550 3445 chr.
568 3390 600 3445 L.
620 3389 743 3458 Mallius,
796 3387 963 3454 Scotorum,
991 3390 1035 3443 ein
1052 3390 1203 3457 michtigea
1222 3384 1374 3445 Grenavolk

163 3483 330 3539 Stattbalter
355 3482 403 3537 des
424 3480 592 3549 jonaeitigen
612 3476 744 3546 Galliena,
796 3478 824 3531 in
844 3477 1017 3545 Aqrritenien.

162 3571 264 3636 warde,
282 3571 325 3624 als
343 3568 447 3623 erdem
459 3566 659 3635 geschlagenen
678 3565 744 3619 Pro·
832 3568 856 3619 3.
883 3564 915 3617 ira
941 3564 1040 3619 itincre
1068 3579 1165 3633 agmen
1190 3570 1315 3619 courum
1341 3580 1372 3607 =

161 3659 264 3715 konsul
274 3658 408 3726 Spanicna
419 3656 457 3713 M.
469 3656 602 3709 Domitius
612 3652 742 3708 Calvinus
796 3668 893 3721 agmen
912 3661 1046 3721 nostrum,
1065 3652 1137 3721 quod
1155 3653 1184 3707 iu
1198 3653 1295 3709 itinere
1307 3652 1373 3705 erat

161 3765 212 3803 aur
234 3746 318 3801 Hnlle
342 3743 416 3810 alito,
441 3759 494 3797 rou
520 3743 551 3800 la.
578 3741 742 3806 Hirtuleius,
796 3740 831 3796 So
857 3742 932 3796 steht
955 3743 982 3795 in
1006 3742 1102 3797 itincre
1126 3740 1218 3809 banfig
1235 3735 1372 3795 attributi·

162 3837 223 3892 dem
253 3832 481 3890 Unterleldherrn
512 3830 561 3885 des
592 3830 742 3897 Sertorius,
794 3829 1101 3885 viacb.cf.1t⁷.11.1.

159 3923 324 3994 gescblagen
334 3922 390 3977 und
399 3920 535 3975 erlittauf
540 3920 644 3974 aeinem
652 3908 764 3972 nack!
830 3921 856 3971 4.
874 3918 1009 3984 concode,
1034 3917 1080 3971 ein
1104 3930 1173 3985 ganz
1196 3931 1249 3970 ron
1267 3915 1370 3981 Bergen

161 4030 232 4082 nugo
249 4013 277 4068 iu
295 4011 339 4068 dio
358 4011 473 4065 Prorinz
493 4008 579 4063 durch
599 4007 641 4063 dio
656 4006 741 4074 Aqui·
795 4006 1013 4061 umschlosaenes
1032 4004 1112 4071 Thal,
1137 4004 1180 4057 ein
1201 3997 1370 4058 Thalkessel.

160 4095 740 4165 unioreineueuerliederlege.uVaieriua
775 4110 802 4139 «r
829 4086 1370 4160 21.1.supertortousoucoruu‚werche

160 4189 349 4245 Praeconinus
373 4187 409 4241 iat
432 4185 601 4240 unbekannt.
628 4212 662 4223 —
683 4197 741 4235 nort
793 4178 1146 4237 c.20.1erwthntsind.
1177 4208 1206 4219 -
1233 4180 1292 4233 mur
1309 4171 1370 4229 reli·

158 4276 330 4343 macerem,
348 4275 454 4329 Litotea
473 4273 507 4327 ci.
525 4289 560 4325 zu
578 4272 599 4325 Ι.
618 4273 662 4326 39.
683 4275 706 4325 1.
793 4271 856 4337 guia
874 4268 1031 4337 legionum
1059 4267 1136 4321 Nach
1155 4283 1178 4321 c.
1199 4272 1240 4322 11.
1258 4272 1274 4323 3
1293 4265 1370 4319 hatte
