2934 4750
525 197 585 253 nro.
603 198 638 252 ιι.
675 199 788 253 aa-as.
1220 183 1260 256 93

141 344 193 405 27.
223 338 343 405 Horum
365 340 505 407 adventu
526 344 619 406 tanta
641 359 749 407 rerum
772 340 976 408 commutatio
992 345 1041 407 est
1055 338 1149 420 iacta,
1173 341 1210 404 ut
1228 358 1242 408 1

56 446 161 522 nostri,
187 445 282 511 etiam
305 446 358 528 qui
372 446 556 514 uulneribus
572 446 706 514 contecti
723 446 975 530 procubuissent,
999 446 1097 513 scutis
1112 445 1209 511 innixi

16 552 18 622 i
55 549 206 631 proelium
228 552 491 634 redintegrarent.
537 553 618 619 Tum
642 551 771 619 calones
794 553 981 635 perterritos
1004 551 1113 618 hostes
1136 569 1209 618 con·

16 628 18 717 i
55 657 165 738 spicati
198 657 294 723 etiam
326 658 463 726 inermes
495 660 628 725 armatis
661 664 876 738 occurrerunt,
910 657 1032 741 equites
1054 675 1139 740 vero,
1173 661 1245 725 uta

55 763 277 845 tupitudinem
305 762 398 847 fugae
429 765 545 830 virtute
576 763 727 845 delerent,
759 764 903 831 omnibus
934 764 966 829 in
987 762 1065 830 locis
1087 781 1209 846 pugna·

55 873 134 950 runt,
158 886 220 950 quo
243 888 278 935 se
299 868 480 953 legionariis
503 870 655 937 militibus
677 869 886 953 praeferrent.
917 870 961 935 At
982 868 1091 935 hostes
1114 867 1244 940 etiams

54 973 84 1037 in
105 979 247 1040 extrema
268 995 326 1058 spe
347 975 460 1041 salutis
482 980 606 1042 tantam
628 976 779 1042 virtutem
801 975 1040 1059 praestiterunt,
1064 978 1109 1055 ut,
1138 992 1209 1040 cum

55 1079 143 1160 primi
170 1098 280 1145 eorum
303 1080 502 1162 cecidissent,
533 1080 667 1164 proximi
695 1081 872 1149 iacentibus
902 1079 1084 1146 insisterent
1112 1085 1209 1161 atque

55 1203 88 1248 ex
117 1203 229 1251 eornm
259 1187 444 1268 corporibus
475 1192 671 1269 pugnarent3
706 1185 756 1252 his
789 1185 919 1253 deiectis
948 1189 982 1252 et
1013 1185 1244 1255 coacervatis4

55 1290 269 1371 cadaveribus,
293 1293 346 1373 qui
368 1298 579 1376 superessent,
603 1298 639 1358 ut
661 1311 699 1359 ex
716 1291 839 1358 tumulo
855 1291 920 1358 tela
935 1292 968 1358 in
983 1297 1110 1358 nostros
1126 1290 1209 1357 ooni-

55 1401 160 1462 cerent
183 1402 218 1463 et
239 1397 303 1480 pila
325 1399 503 1482 intercepta
524 1399 739 1465 remitterent:
763 1402 876 1464 utnon
892 1398 1081 1480 nequiquam
1097 1401 1208 1463 tantae
1227 1415 1243 1468 5

53 1503 176 1570 virtutis
200 1503 342 1570 homines
364 1504 498 1571 iudicari
521 1505 651 1572 deberet
673 1522 770 1570 ausos
786 1521 855 1570 esse
870 1504 1007 1570 transire
1021 1502 1209 1569 latissimum

55 1606 175 1690 flumen,
201 1610 371 1677 ascendere
394 1610 567 1677 altissimas
590 1611 686 1694 ripas,
713 1611 820 1677 subire
843 1609 1074 1691 iniquissimum
1095 1608 1209 1689 locum,

13 1711 15 1842 t
54 1731 131 1794 qnae
153 1714 261 1781 facilia
283 1735 321 1782 ex
345 1714 536 1782 difficillimis
560 1717 657 1784 animi
679 1717 863 1798 magnitudo
886 1715 1063 1797 redegerat.

138 1827 191 1886 28.
215 1820 285 1888 Hoc
307 1822 427 1905 proelio
450 1821 533 1890 tacto
556 1829 592 1889 et
613 1841 713 1906 prope
735 1823 776 1889 ad
799 1822 1044 1888 internecionem
1061 1825 1157 1902 gente
1172 1838 1242 1890 acn

53 1929 174 1992 nomine
192 1927 379 1994 Nerviorum
402 1929 529 1995 redacto
552 1930 687 1996 maiores
709 1935 796 2012 natu,
821 1946 900 2011 quos
922 1947 988 1994 una
1010 1944 1080 1993 cum
1101 1926 1209 2011 pueris

12 2016 13 2063 ¹
53 2033 297 2116 mulieribusque
320 2035 352 2100 in
375 2037 537 2102 aestuaria
560 2056 598 2105 au
614 2036 745 2120 paludes
762 2037 922 2102 coniectos
938 2034 1127 2113 dixeramus,
1150 2030 1210 2096 hac

52 2155 157 2220 pugna
185 2141 342 2222 nuntiata,
373 2161 445 2208 cum
475 2143 645 2210 victoribus
675 2141 755 2208 nihil
784 2141 982 2226 impeditum,
1014 2139 1104 2206 victis
1131 2137 1244 2206 nihila

52 2248 153 2310 tutum
176 2246 418 2328 arbitrarentur,
441 2249 588 2330 omniurn,
612 2249 664 2331 qui
688 2253 887 2332 supererant,
912 2264 1067 2314 consensu
1086 2244 1210 2329 legatos

52 2350 90 2416 ad
113 2350 283 2419 Gaesarem
315 2353 469 2421 miserunt
496 2373 592 2439 seque
622 2355 651 2422 ei
682 2353 875 2422 dediderunt
905 2357 938 2420 et
966 2353 999 2419 in
1022 2369 1209 2420 commemo-

52 2459 150 2524 randa
176 2460 314 2526 civitatis
342 2461 523 2527 calamitate
554 2482 592 2528 ax
622 2461 779 2528 sexcentis
811 2461 853 2527 ad
875 2465 942 2526 tres
965 2464 1138 2541 senatores,
1172 2477 1210 2523 ex

51 2562 209 2630 bominum
232 2564 358 2632 milibus
373 2567 429 2632 LX
450 2568 500 2633 vix
516 2569 558 2634 ad
573 2569 774 2651 quingentos
798 2565 852 2648 qui
868 2564 1055 2631 umalama
1070 2569 1209 2648 possent,

51 2686 117 2734 sese
147 2669 294 2736 redactos
324 2690 395 2738 esse
426 2672 582 2740 dixerunt.
629 2674 714 2753 Quos
738 2670 866 2752 Caesar,
900 2676 936 2737 ut
958 2672 991 2737 in
1013 2671 1145 2737 miseros
1169 2689 1243 2741 ace

54 2777 210 2859 supplices
233 2795 310 2842 usus
332 2779 550 2845 misericordia
565 2781 734 2859 videretur,
758 2778 997 2861 diligentissime
1012 2776 1212 2844 conservavit

47 2928 66 2955 s
84 2916 130 2974 li.
164 2922 189 2973 1.
208 2917 356 2986 etiamque·
375 2960 382 2975 .
401 2918 631 2987 ,procubuissent
684 2917 768 2973 datan
791 2914 953 2985 Topicrkeit
975 2932 1020 2970 um
1045 2930 1075 2971 so
1099 2914 1177 2969 rnabr
1201 2913 1263 2969 her·

53 3006 137 3069 ,auch
155 3005 259 3074 colcha,
277 3005 379 3061 welche
398 3006 478 3065 etc.“.
504 3008 560 3062 Der
577 3007 630 3062 Re·
683 3011 830 3061 vortreten.
844 3034 878 3044 -
889 3020 924 3059 aa·
935 3002 1107 3070 difficillimis
1125 3018 1192 3073 „aus
1203 3002 1263 3058 dem

51 3090 179 3148 lativsatz
198 3094 275 3149 steht
293 3094 330 3148 im
347 3093 440 3164 Konj„
458 3095 519 3150 weil
537 3111 568 3150 cr
587 3096 630 3150 dio
683 3092 916 3162 schwierigateffl.
929 3091 966 3147 So
976 3092 1049 3148 steht
1057 3090 1150 3161 hdufig
1158 3108 1193 3147 cx
1202 3108 1263 3147 vom

52 3179 210 3248 allgemeine
229 3181 451 3238 Bacchaffenheit
469 3182 588 3251 angicbt.
682 3170 848 3250 libargohen
871 3183 945 3237 aines
963 3180 1118 3236 Zustonden
1136 3180 1165 3236 in
1183 3182 1263 3237 einen

11 3305 12 3328 ;
68 3261 110 3324 ’2.
136 3284 200 3326 cero
227 3269 396 3340 „vollcnds“,
424 3271 485 3325 dem
510 3271 629 3327 Vorher·
682 3271 794 3327 andern.
814 3301 846 3309 -
865 3268 986 3341 radicare
1004 3292 1037 3317 =
1057 3269 1180 3326 reddere.

52 3358 191 3423 gohenden
219 3358 287 3414 wind
314 3358 357 3415 als
376 3359 532 3429 Gegensatz
558 3359 630 3416 noch

52 3453 134 3503 etwas
153 3446 374 3504 Auffallenderes
391 3448 576 3518 hinaugafdgt.
596 3477 627 3488 -
680 3421 693 3438 ⁸
717 3410 765 3466 ²⁸·
786 3410 1263 3480 ¹·ff01’24dimmmrffief·

683 3499 823 3569 treibung,
837 3500 909 3555 donn
918 3515 943 3558 a.
953 3501 987 3554 54
995 3504 1090 3555 ruscea
1098 3500 1142 3555 die
1148 3500 1263 3556 Nervier

57 3565 81 3571 -
96 3535 351 3591 omnebootnloca‘a.
371 3536 558 3592 DasTerrain
572 3553 629 3592 war
708 3588 714 3601 ‚
858 3588 864 3600 ,

52 3620 86 3674 im
109 3639 216 3691 gamen
235 3623 279 3679 ἢ
297 3624 340 3679 die
358 3624 453 3679 Baiter
470 3626 629 3695 mgnum&
682 3587 829 3644 mederum
840 3587 998 3687 amgroiaas
1007 3588 1092 3656 Heer,
1100 3588 1134 3645 ci.
1145 3589 1177 3647 V.
1189 3592 1231 3643 39.
1239 3592 1263 3643 1.

685 3707 717 3715 —
736 3692 805 3746 quoa
826 3716 858 3732 ..
885 3675 1043 3731 emeramus
1065 3677 1100 3732 ci.
1123 3693 1146 3734 c.
1172 3679 1213 3731 16.
1236 3679 1263 3734 4.

54 3739 83 3748 -
109 3728 137 3765 oc
161 3713 304 3780 praeferre
331 3714 406 3782 „sich
432 3714 630 3772 hervorthun“.
690 3752 703 3763 ··
1238 3764 1243 3775 .

86 3802 110 3853 b.
128 3816 187 3854 noa
203 3800 370 3868 nequiquam
387 3802 485 3870 qehbrt
500 3819 535 3856 zu
547 3817 629 3858 ausos
683 3764 759 3820 Uber
778 3764 828 3864 (Ψ
840 3764 934 3833 leq'
954 3763 988 3819 οἱ
999 3780 1033 3819 ²¹¹
1051 3781 1073 3820 ⁰⁸
1094 3769 1118 3865 ¹!
1137 3770 1161 3820 ¹·
1179 3794 1214 3805 “
1231 3780 1264 3818 m

53 3901 122 3945 ease.
140 3875 217 3943 siber
235 3888 278 3943 die
296 3888 404 3945 Litotca
422 3889 456 3944 ci.
471 3907 506 3944 au
518 3890 539 3948 1.
551 3892 594 3947 35.
603 3892 630 3948 4.
683 3857 826 3906 “mmm
852 3868 886 3906 “⁰
909 3851 1036 3921 palum
1074 3853 1125 3908 ⁰¹⁰
1150 3852 1264 3921 Gegend

54 4002 84 4013 -
104 3980 136 4029 aa
155 4017 160 4029 .
181 3977 328 4034 ,seeum
345 3976 458 4036 oona.
477 3978 508 4037 e.
525 3977 584 4033 narr
599 3994 629 4033 es
683 3957 729 3996 ⁰¹¹¹
749 3942 830 3997 M⁰¹¹⁸
848 3956 905 3996 Μ’
924 3942 989 3997 ⁸⁰¹³
1007 3940 1132 4011 ⁸¹¹mlflss·

53 4059 96 4115 tur
115 4065 190 4119 seina
209 4062 315 4133 Pflicht,
340 4065 383 4120 die
401 4066 564 4135 Tapfcrlreit
582 4066 631 4121 der
720 4050 745 4101 ²·
762 4051 901 4106 mimi
919 4046 954 4103 ⁰f·
972 4064 1006 4101 ²¹¹
1026 4064 1049 4105 ⁰·
1067 4051 1092 4105 5·
1112 4052 1136 4106 ¹·

53 4150 167 4207 Nervier
189 4170 223 4208 au
250 4154 380 4219 culmem
409 4154 546 4209 natdrlich
564 4154 631 4209 aber
719 4157 745 4209 3.
763 4152 908 4220 uideretur,
922 4153 1074 4223 passivisch
1086 4153 1187 4224 „demit
1199 4170 1262 4210 man

53 4240 154 4295 maleta
179 4241 267 4297 durch
294 4242 355 4297 cine
374 4242 468 4299 solche
486 4243 629 4298 Anerlren·
684 4242 760 4308 seha,
780 4241 839 4297 dass
859 4242 915 4309 ert,
935 4242 1020 4297 daher
1040 4242 1113 4297 ateht
1128 4243 1200 4297 auch
1213 4243 1262 4299 das

53 4343 127 4397 nnng
148 4330 225 4386 seina
252 4332 347 4399 eigane
374 4331 430 4386 und
455 4332 546 4387 aeincr
570 4330 630 4385 Sol·
684 4330 1103 4398 Partia.,nichtder1nlinitir.
