2934 4750
138 218 199 282 108
603 230 644 284 De
663 229 737 286 bello
757 229 872 288 Gallico.

187 371 327 434 omnium
350 389 508 436 consensu
530 377 622 453 parte
644 371 688 435 ibi
711 371 823 436 relicta
847 372 1011 453 copiarum
1029 371 1094 454 ipsi
1109 390 1179 436 cum
1194 371 1349 453 expeditis

153 476 231 541 aad
262 477 498 557 importandum
533 476 725 542 frumentum
760 476 926 558 proficisci.
972 478 1019 542 Eo
1054 476 1181 542 consilio
1215 477 1349 559 probato

187 583 330 664 proxima
352 586 443 647 nocte
467 582 589 646 duobus
613 581 740 646 milibus
765 587 961 672 armatorum
993 582 1119 647 relictis
1146 582 1283 662 reliquos
1312 601 1351 646 ex

154 699 170 749 3
189 689 305 770 oppido
330 689 477 768 Drappes
500 693 535 752 et
558 687 725 752 Lucterius
749 688 898 754 educunt.
945 687 988 752 Hi
1009 706 1127 770 paucos
1149 689 1215 752 dies
1237 689 1351 752 morati

189 811 228 857 ex
250 792 364 858 finibus
387 791 616 871 Cadurcorum,
646 795 701 874 qui
731 794 846 873 purtim
881 812 916 859 re
946 791 1156 882 frumentaria
1184 793 1351 858 sublevare

120 935 123 938 ·
189 915 245 963 eos
277 899 455 979 cupiebant,
490 899 604 981 partim
638 899 815 980 prohibere,
851 916 913 979 quo
948 899 1052 963 minus
1087 903 1258 974 sumerent,
1287 916 1351 963 non

189 1010 345 1085 poterant,
370 1023 519 1086 magnum
543 1022 708 1068 numerum
730 1003 881 1069 frumenti
897 1009 1091 1086 comparant,
1116 1022 1350 1085 nonnumquam

190 1116 295 1175 autern
319 1110 570 1190 expeditionibus
593 1111 755 1174 nocturnis
779 1109 913 1174 castella
944 1116 1125 1175 nostrorum
1154 1110 1350 1175 adoriuntur.

153 1215 294 1293 rQuam
315 1217 357 1280 ob
381 1233 508 1280 causam
529 1214 563 1282 Ο.
589 1214 740 1281 Caninius
762 1221 831 1304 toto
854 1217 972 1297 oppido
1001 1216 1191 1280 munitiones
1220 1216 1351 1280 circum-

191 1321 269 1386 dare
291 1326 443 1400 moratur,
467 1340 507 1385 ne
531 1327 588 1386 aut
611 1340 689 1402 opus
714 1319 860 1386 effectum
883 1322 965 1386 tueri
988 1340 1051 1387 non
1066 1322 1169 1402 possit
1185 1320 1351 1403 autpluri-

192 1429 252 1491 mis
275 1427 307 1490 in
329 1427 408 1491 locis
432 1425 556 1491 infirma
579 1427 727 1509 disponat
750 1427 918 1509 praesidia.
1366 1427 1368 1430 ’

157 1547 171 1594 1
299 1538 349 1600 35.
386 1533 505 1614 Magna
527 1535 618 1614 copia
640 1531 791 1598 frumenti
814 1538 999 1614 comparata
1021 1533 1190 1597 considunt
1205 1532 1353 1614 Drappes
1387 1585 1390 1590 .

191 1642 224 1703 et
245 1639 411 1703 Lucterius
435 1657 496 1704 non
519 1639 645 1719 longius
668 1641 708 1704 ab
732 1640 848 1720 oppido
871 1657 892 1703 x
920 1639 1054 1719 milibus
1087 1639 1170 1702 unde
1197 1637 1353 1718 paulatim

156 1743 383 1809 atramentum
406 1746 439 1808 in
461 1744 610 1826 oppidum
633 1750 871 1824 supportarent.
917 1745 981 1825 lpsi
1005 1744 1088 1808 inter
1112 1761 1146 1808 se
1175 1744 1353 1825 provincias

192 1851 390 1930 partiuntur:
416 1850 561 1931 Drappes
584 1850 698 1914 castris
714 1850 872 1931 praesidio
889 1868 959 1914 cum
975 1855 1068 1930 parte
1083 1832 1244 1930 copiarum
1260 1850 1354 1913 resti·

157 1969 173 2019 3
193 1955 241 2029 rit.
265 1956 431 2020 Lucterius
454 1973 569 2036 agmen
591 1955 805 2019 iumentorum
830 1954 871 2018 ad
894 1955 1044 2037 oppidum
1068 1953 1164 2020 ducit.
1211 1953 1354 2036 Disposi-

193 2061 233 2125 tis
257 2061 301 2125 ibi
324 2061 489 2143 praesidiis
514 2060 592 2150 hora
615 2061 718 2125 noctis
742 2061 869 2126 circiter
886 2060 1006 2126 decima
1031 2059 1230 2125 silvestribus
1256 2077 1354 2139 angu-

193 2167 314 2247 stisque
337 2167 505 2230 itineribus
529 2165 723 2230 frumentum
758 2167 931 2247 importare
962 2167 994 2230 in
1022 2167 1172 2247 oppidum
1203 2167 1366 2247 instituit.¹

157 2284 174 2333 4
194 2271 332 2348 Quorum
357 2273 524 2353 strepitum
539 2270 651 2353 vigiles
667 2278 844 2336 castrorum
868 2291 940 2336 cum
964 2273 1148 2348 sensissent,
1173 2272 1354 2352 explorato-

193 2395 307 2458 resque
323 2380 418 2457 missi‚
443 2397 524 2459 quae
540 2383 737 2459 gererentur,
761 2380 1006 2460 renuntiassent,
1032 2378 1183 2445 Caninius
1207 2378 1355 2443 celeriter

194 2502 266 2549 cum
289 2483 472 2548 cohortibus
494 2485 626 2547 armetis
649 2502 688 2547 ex
717 2485 868 2565 proximis
899 2476 1038 2551 castellis
1067 2486 1098 2559 io
1127 2483 1354 2548 frumentarios
1409 2518 1414 2527 ·

159 2592 253 2655 osub
276 2590 377 2671 ipsam
400 2589 501 2654 lucem
525 2590 675 2671 impeturn
700 2589 785 2657 fecit.
834 2591 875 2655 lli
899 2591 1064 2671 repentino
1088 2589 1171 2655 malo
1192 2590 1355 2669 perterriti

196 2693 366 2777 diffugiunt
387 2696 428 2788 ad
457 2714 515 2760 sua
547 2695 724 2777 praesidia-3
758 2715 839 2776 quae
871 2696 971 2761 nostri
1000 2700 1036 2759 nt
1064 2695 1220 2773 viderunt,
1250 2695 1355 2759 acrius

133 2847 136 2851 -
195 2809 306 2867 contra
334 2807 475 2867 armatos
508 2802 631 2866 incitati
659 2804 818 2867 neminem
847 2819 950 2866 exeo
979 2819 1110 2866 numero
1146 2801 1252 2864 vivum
1287 2802 1357 2881 capi

117 2963 120 2967 ·
141 2962 458 2969 ——-——-——-....-

143 3065 299 3120 Schreclren
323 3066 373 3119 der
392 3064 569 3131 Hungersnot
593 3064 723 3118 withreud
776 3063 841 3127 taril
860 3063 909 3116 mit
930 3062 990 3115 dem
1003 3060 1079 3115 lnfiu.
1099 3061 1183 3129 nicht,
1202 3061 1246 3114 bei
1260 3060 1357 3114 Cicero

47 3222 50 3227 Ι
143 3154 193 3207 der
212 3153 385 3221 Belageruug
404 3154 453 3206 mit
472 3153 568 3206 erlebt.
693 3150 1073 3232 .‘nureinmalPhil.V.
1094 3153 1134 3202 12.
1155 3148 1358 3203 330uihellum

179 3245 204 3295 3.
222 3241 380 3308 probibere,
400 3256 453 3308 quo
471 3240 560 3293 minus
579 3245 723 3305 sumerent,
777 3254 913 3293 moremur
932 3238 1041 3292 inferre.

145 3329 267 3384 dieselbe
300 3329 504 3383 Konstrulrtion
541 3328 627 3383 findet
665 3329 723 3381 sich
812 3328 859 3383 ab.
897 3332 920 3380 2.
938 3325 1104 3393 prouincias,
1133 3326 1192 3379 hier
1213 3324 1359 3392 allgemein

143 3418 214 3472 anch
233 3419 259 3471 b.
285 3418 365 3471 Alex.
390 3420 416 3474 8.
435 3422 466 3479 23
496 3417 618 3485 dagegen
637 3416 724 3470 findet
778 3415 822 3469 die
855 3412 1017 3477 Geschafte;
1054 3414 1194 3481 provincia
1227 3413 1359 3478 bedentet

145 3504 724 3573 sichdielnfiuitiv·Konstruktion‚welche
779 3503 927 3570 eigentlich
958 3501 1011 3556 den
1043 3494 1271 3556 konsularischen
1307 3501 1358 3555 Ge-

146 3595 173 3647 0.
193 3594 276 3648 alleiu
296 3594 462 3662 gebraucht,
487 3609 509 3647 c.
529 3598 571 3647 37.
592 3600 615 3647 l.
640 3609 654 3645 c
681 3595 723 3646 40.
780 3590 961 3645 schiltskreis
995 3590 1050 3643 und
1079 3590 1161 3644 somit
1194 3588 1243 3642 das
1271 3588 1359 3653 Laud,

146 3687 162 3736 3
180 3683 207 3736 b.
227 3682 306 3740 Alex.
325 3684 350 3737 9.
370 3685 386 3735 4
406 3691 514 3750 portum
537 3698 636 3750 capere
662 3697 724 3748 pro·
779 3678 899 3733 welches
919 3677 1151 3745 derVerwaltung
1170 3675 1218 3730 des
1237 3676 1359 3729 Konsuls

144 3772 311 3825 hibebantur
341 3772 364 3824 b.
393 3772 472 3825 Alex.
500 3773 540 3828 16.
568 3774 585 3823 7
618 3776 725 3823 nostros
780 3766 949 3820 unterstaud.

143 3860 222 3913 adire
241 3860 448 3927 prohibuerunt.
470 3888 503 3898 -
527 3858 636 3931 castella
656 3857 725 3926 „ae-
816 3859 841 3910 3.
860 3855 930 3907 hora
947 3853 1033 3907 noctis
1052 3852 1160 3907 circiter
1179 3852 1291 3916 decimo,
1313 3866 1361 3903 un·

146 3947 273 4013 douten“‚
293 3946 327 4000 cf.
346 3946 406 3999 Vll.
424 3949 467 4003 69.
487 3948 511 4001 7.
783 3942 882 4010 geifihr
900 3946 969 3997 3-4
988 3941 1048 3996 Uhr
1066 3956 1198 4007 mergens.

181 4039 207 4090 4.
227 4040 297 4100 toto,
333 4034 391 4088 alte
426 4034 509 4087 Form
540 4032 587 4087 des
623 4034 729 4099 Datirs,
818 4034 844 4085 5.
864 4030 975 4096 ud'sua
991 4028 1150 4098 praesidio,
1177 4045 1211 4080 zu
1238 4028 1289 4082 deu
1311 4027 1360 4081 Be-

146 4123 249 4175 uelche
268 4122 340 4175 auch
364 4121 408 4174 bei
432 4121 461 4175 G.
486 4122 544 4174 sich
570 4121 669 4187 findet,
694 4120 728 4174 ci.
783 4116 1148 4186 decknngemannschaften‚
1167 4115 1269 4170 welche
1291 4115 1361 4168 Luc·

146 4208 206 4262 VII.
227 4211 271 4262 89.
295 4212 319 4261 5.
345 4236 376 4246 —
401 4208 570 4261 circumdare
594 4213 729 4275 onoratur,
784 4208 873 4260 terius
899 4206 968 4259 uach
993 4204 1009 4273 ξ
1035 4209 1051 4257 3
1079 4202 1240 4271 anigestellt
1267 4203 1359 4263 hatte3

147 4297 190 4349 bei
210 4296 239 4348 C.
264 4293 351 4349 findet
375 4296 434 4348 sich
461 4296 564 4348 morari
583 4297 630 4364 (=
648 4311 729 4349 cunc·
784 4294 951 4361 §huerden
965 4291 1103 4346 dieselben
1120 4292 1220 4344 armati
1232 4300 1361 4357 genennt.
