2934 4750
554 248 655 302 Comm.
674 248 707 300 V.
732 249 845 302 17-19.
1266 237 1305 297 21

89 390 190 455 misso
224 390 367 472 equitatu
402 388 567 455 confestim
601 390 741 472 legiones
775 389 926 471 subsequi
959 388 1061 456 iussit.
1121 387 1184 454 Sed
1217 409 1289 460 eas

90 496 256 560 celeritate
279 503 375 576 atque
397 514 434 560 eo
458 497 577 578 impetu
599 496 714 561 milites
743 497 858 575 ierunt,
888 514 959 560 curn
989 495 1091 576 capite
1121 495 1188 563 solo
1218 515 1256 561 ex

90 621 175 684 aqua
205 608 375 683 exstarent,
407 606 443 666 ut
471 601 579 668 hostes
611 603 776 683 impetum
796 601 957 682 legionum
990 607 1086 682 atque
1115 604 1255 682 equitum

89 708 251 772 sustinere
273 727 334 773 non
358 714 490 789 possent
512 708 659 789 ripamque
689 708 886 772 dimitterent
914 725 951 771 ac
980 724 1014 772 se
1043 706 1136 788 fugae
1166 726 1255 772 man-

90 815 215 878 darent.

184 924 233 985 19.
258 916 525 999 Cassivellaunus,
549 926 585 984 ut
607 937 705 1000 supra
727 918 1021 998 demonstravimus,
1053 920 1137 985 omni
1160 918 1289 1002 depo-1

91 1027 156 1090 sita
171 1044 228 1107 spe
243 1025 462 1105 contentionis,
487 1025 623 1090 dimissis
639 1025 844 1106 amplioribus
860 1025 968 1106 copiis,
986 1024 1112 1089 milibus
1129 1025 1256 1090 circiter

90 1136 245 1214 quattuor
274 1132 506 1196 essedariorum
528 1131 649 1196 relictis
671 1115 789 1195 itinera
812 1136 921 1196 nostra
943 1130 1092 1195 servabat
1114 1131 1257 1212 paulum·

91 1256 155 1319 que
187 1257 226 1302 ex
255 1238 307 1301 via
338 1237 511 1302 excedebat
533 1237 673 1317 locisque
705 1237 864 1318 impeditis
897 1255 935 1302 ac
956 1236 1155 1302 silvestribus
1186 1253 1257 1301 sese

91 1343 275 1410 occultabat
296 1348 393 1423 atque
415 1344 453 1408 iis
476 1342 668 1422 regionibus,
691 1343 805 1424 quibus
829 1361 886 1408 nos
909 1345 971 1408 iter
986 1340 1128 1408 facturos
1144 1361 1258 1424 cogno

92 1454 192 1529 verat,
216 1467 334 1530 pecora
356 1455 452 1530 atque
475 1449 616 1514 homines
639 1467 677 1512 ex
698 1449 786 1530 agris
809 1449 842 1513 in
864 1448 958 1513 silvas
982 1448 1193 1530 compellebat
1215 1456 1256 1528 et,
1276 1471 1292 1522 2

93 1574 165 1620 cum
194 1556 354 1636 equitatus
382 1561 491 1619 noster
518 1553 649 1620 liberius
671 1555 846 1636 praedandi
869 1554 1082 1636 vastandique
1105 1571 1201 1620 causa
1223 1572 1258 1618 se

92 1663 125 1726 in
148 1679 244 1742 agros
273 1660 418 1740 eiecerat,
448 1660 594 1726 omnibus
623 1661 681 1724 viis
704 1661 889 1742 semitisque
913 1661 1090 1725 essedarios
1112 1678 1151 1725 ex
1172 1659 1258 1725 silvis

91 1767 257 1832 emittebat
286 1773 319 1831 et
347 1785 461 1847 magno
493 1785 563 1832 cum
586 1765 727 1847 periculo
751 1772 930 1831 nostrornm
954 1766 1097 1847 equitum
1120 1784 1190 1830 cum
1218 1766 1258 1830 iis

95 1873 284 1953 confligebat
305 1879 401 1953 atque
424 1872 484 1939 hoc
507 1879 596 1937 metu
611 1872 707 1937 latius
722 1873 833 1952 vagari
848 1871 1048 1953 prohibebat.
1087 1870 1255 1965 Relinque·
1275 1895 1291 1946 3

96 1977 197 2056 hatur,
227 1982 263 2041 ut
290 1995 392 2059 neque
419 1977 544 2061 longius
576 1980 616 2043 ab
644 1979 770 2060 agmine
800 1977 960 2060 legionum
990 1978 1108 2044 discedi
1139 1977 1257 2043 Caesar

97 2089 267 2164 pateretur,
292 2090 325 2149 et
349 2090 472 2148 tantum
494 2086 528 2148 in
557 2085 643 2166 agris
665 2084 830 2149 vastandis
860 2083 1077 2165 incendiisque
1105 2083 1256 2150 iaciendis

94 2190 238 2254 hostibus
268 2199 450 2271 noceretur,
486 2198 639 2272 quantum
670 2190 782 2255 labore
816 2195 913 2272 atque
946 2190 1059 2255 itinere
1092 2190 1257 2273 legionarii

93 2295 211 2361 milites
234 2293 359 2360 efficere
382 2303 539 2378 poterant.

128 2529 154 2579 4.
170 2526 324 2594 praemisso
336 2527 466 2593 equitatu.
491 2526 541 2580 Die
554 2526 675 2580 Reiterei
765 2528 789 2579 2.
810 2542 870 2579 com
889 2567 895 2579 .
916 2567 921 2580 .
942 2524 1067 2591 eiecerat,
1086 2526 1214 2581 libandas
1228 2527 1309 2581 itera·

92 2614 174 2669 sollte
203 2613 423 2669 stromaufwdrts
450 2614 517 2668 oder
543 2615 675 2668 stromab
728 2615 784 2669 tiva
811 2631 874 2669 cum
897 2612 931 2669 cf.
951 2614 984 2668 Ε.
1003 2614 1029 2669 S.
1049 2618 1109 2670 221.
1129 2618 1153 2669 3.
1173 2616 1198 2668 b.
1218 2616 1245 2670 S.
1265 2616 1310 2671 W.

92 2708 176 2757 warts
205 2702 254 2756 das
281 2702 426 2769 beiestigta
444 2702 513 2757 Uter
539 2703 674 2769 umgeben
727 2706 789 2756 292.
807 2707 833 2756 2.
863 2731 896 2744 -
923 2703 973 2757 boc
1000 2708 1071 2757 oratu
1098 2728 1133 2747 =
1160 2703 1241 2757 huius
1269 2705 1310 2759 rei

93 2791 149 2844 und
161 2790 674 2858 denFeindbeschaftigen,wbhrend·
727 2800 810 2856 metu,
833 2790 867 2845 oi.
887 2807 911 2847 c.
929 2793 954 2845 4.
973 2793 991 2843 4
1009 2791 1060 2845 boc
1078 2789 1182 2845 dolore.

94 2881 156 2934 dem
176 2878 278 2933 sollteu
297 2880 339 2934 dio
358 2879 605 2947 Legionssoldaten
632 2880 674 2933 die
764 2898 789 2950 3,
816 2896 847 2948 i„
877 2894 955 2963 wag
984 2895 1129 2949 msam
1158 2896 1236 2964 giem
1264 2912 1310 2964 gn,

95 2966 259 3021 P⁸¹i⁸⁸²d0¹²
278 2967 429 3022 efltfefflffl·
730 2984 815 3037 worin
839 2983 882 3038 die
901 2983 1076 3052 Schtdignng
1098 2979 1231 3038 bestehen
1250 2985 1310 3039 soll.

131 3077 156 3127 5.
185 3072 238 3127 Sed
255 3072 317 3140 fdgt
335 3073 435 3127 hainen
455 3073 609 3140 Gegensatz
631 3088 676 3134 au.
730 3071 765 3127 cl.
784 3072 809 3126 b.
829 3088 851 3125 c.
870 3072 890 3126 I.
909 3075 952 3128 32.
971 3074 988 3125 6
1006 3068 1134 3126 iniuriam
1151 3074 1179 3126 in
1196 3073 1310 3141 eripien-

95 3162 215 3215 sonderu
235 3169 305 3216 setzt
323 3160 367 3214 die
386 3160 546 3229 Erzhhlung
564 3160 628 3217 fort.
642 3190 676 3201 -
730 3160 772 3214 dis
783 3160 944 3228 legionibus.
955 3188 988 3199 -—
999 3164 1107 3213 tantum
1126 3202 1132 3215 .
1152 3202 1159 3215 .
1179 3166 1311 3229 quantam

94 3266 164 3318 cum,
194 3250 347 3304 konzessiv.
379 3278 412 3289 -
442 3250 581 3317 ripasque.
618 3248 676 3316 Quo
730 3264 799 3317 „nur
827 3264 857 3302 so
883 3248 947 3302 weit
975 3246 1043 3302 als“.
1080 3234 1154 3303 Uber
1178 3248 1222 3303 die
1242 3248 1311 3304 Ver·

96 3339 182 3393 souis
195 3347 224 3392 et
236 3337 293 3391 und
306 3346 390 3405 atquo
403 3336 501 3392 steheu
514 3338 586 3392 uach
598 3337 676 3390 einer
729 3335 875 3403 gleichung
893 3335 1127 3404 ungleichartiger
1140 3336 1258 3403 aegrine
1276 3337 1311 3392 oi.

96 3424 675 3494 Negationditensimadversatirenflinne,
727 3423 776 3478 IV.
795 3428 837 3479 35.
865 3428 889 3479 3.
921 3454 955 3463 -
985 3423 1076 3477 labore
1106 3430 1187 3492 atquc
1215 3424 1312 3480 itincre

98 3515 134 3570 cf.
153 3515 186 3573 V.
206 3518 230 3569 b.
249 3518 275 3569 2.
295 3514 343 3568 v1.
367 3517 392 3568 7.
411 3517 437 3569 6.
456 3544 490 3553 -
510 3512 676 3566 dimitterent
730 3512 833 3581 „durch
861 3512 905 3566 die
924 3515 1122 3580 Austrengnng
1145 3513 1216 3567 baim
1237 3514 1311 3569 Mar·

101 3601 281 3671 „aulgcben“.
729 3600 820 3668 sche“‚
840 3601 902 3655 eine
920 3600 1079 3670 Hendiadys
1098 3602 1147 3655 wie
1165 3601 1212 3655 lV.
1232 3604 1274 3656 35.
1295 3606 1310 3657 3

730 3704 814 3743 cursu
833 3698 861 3743 et
873 3689 987 3743 viribus.
1007 3690 1050 3744 Da
1062 3690 1104 3745 die
1117 3690 1212 3744 Reiter
1225 3690 1311 3744 durch

132 3780 178 3835 19.
216 3785 240 3834 1.
268 3785 298 3833 ut
321 3794 409 3847 supro
427 3778 677 3847 deoroastraoimaq
731 3777 774 3832 die
787 3777 1028 3847 Wagenktmpier‚
1047 3778 1147 3833 welche
1167 3778 1238 3832 heim
1256 3778 1311 3833 Zu-

94 3868 132 3923 ef.
152 3885 175 3924 c.
196 3871 237 3923 17.
257 3871 281 3922 b.
324 3868 382 3922 Der
409 3868 612 3923 Zwiscbensata
642 3867 678 3921 ist
732 3866 924 3921 sammenstois
942 3882 977 3920 zu
994 3865 1062 3921 Fusa
1085 3865 1236 3934 lamusteo,
1264 3883 1310 3921 an·

94 3974 131 4010 an
150 3956 212 4011 dem
231 3956 286 4010 abl.
305 3956 364 4010 abs.
383 3956 457 4010 omni
482 3956 605 4025 deposita
628 3970 678 4024 spe
730 3954 864 4023 gegriffen
890 3954 1013 4023 uurdeu,
1041 3969 1071 4009 so
1098 3955 1216 4009 mussten
1243 3959 1310 4011 rom.

94 4045 283 4100 contentionis
310 4062 345 4099 au
376 4042 480 4101 ziaben.
500 4072 535 4084 -
552 4044 679 4098 servabat
731 4042 929 4097 Fuissoldaten
958 4043 1009 4097 den
1037 4042 1228 4111 plltndernden
1247 4043 1311 4098 Rei·

96 4154 131 4179 -=
152 4133 324 4187 obseruabat.
343 4162 377 4171 —
395 4132 531 4201 impeditis
556 4133 679 4201 „schwer
730 4139 793 4185 tern
812 4146 862 4183 zur
881 4128 956 4185 Scito
974 4131 1091 4198 bleiben,
1118 4130 1245 4186 wodurcb
1264 4147 1312 4186 and

95 4220 291 4290 auganglicffl,
316 4220 350 4274 cf.
371 4237 394 4275 c.
413 4225 492 4276 2l.3
520 4221 602 4275 silvas
629 4222 678 4273 im·
732 4219 898 4287 strengenda
926 4220 1054 4274 Marscba
1081 4218 1187 4287 (labore
1214 4226 1243 4273 et
1269 4220 1312 4274 iti-

96 4309 216 4378 pedicas.
732 4309 810 4374 uere)
828 4308 907 4375 udtig
924 4308 1044 4363 wurdcn.
