2934 4750
546 181 605 240 uit.
625 183 645 237 1.
681 185 794 240 42-43.
1236 167 1274 226 sl

17 349 18 356 .
73 321 212 402 pandis,
259 323 319 388 Hic
349 323 434 388 locus
465 341 565 405 aequo
596 323 661 388 lere
689 325 793 406 spatio
823 325 863 389 ab
887 325 998 390 castris
1021 322 1172 389 Ariovisti
1195 328 1227 388 et

72 427 219 493 Caesaris
241 429 359 495 aberat.
406 429 462 510 Eo,
486 435 522 494 ut
543 435 612 495 erat
636 429 763 510 dictum,
786 431 826 495 ad
849 429 1039 511 colloquium
1061 434 1260 498 venerante

69 531 244 615 Legionem
260 534 386 614 Caesar,
410 553 502 616 quam
527 536 614 617 cquis
637 541 776 616 vexerat,
799 537 946 618 passibus
968 536 1112 601 ducentis
1132 535 1226 601 abeo

70 639 191 704 tumulo
223 640 397 708 constituit.
443 642 521 706 Item
553 643 674 724 equites
699 643 848 708 Ariovisti
871 643 940 725 pari
962 640 1130 706 intervallo
1152 659 1225 706 con-

69 744 235 813 stiterunt.
271 747 455 828 Ariovistus,
479 766 518 812 en
540 749 628 831 cquis
652 754 685 813 ut
710 749 964 830 colloquerentur
988 753 1019 812 et
1042 750 1169 828 praeter
1190 765 1260 816 sea

68 851 165 916 denos
189 857 227 916 ut
250 853 290 916 ad
314 853 511 936 conloquium
535 855 738 934 adducerent,
761 854 941 937 postulavit.
965 853 1029 919 Ubi
1044 872 1081 919 eo
1096 858 1260 922 ventumt

68 961 122 1036 est,
155 956 280 1024 Caesar
309 959 398 1024 initio
429 960 579 1025 orationis
609 978 666 1026 sua
693 965 884 1042 senatusque
913 961 946 1024 in
976 978 1046 1025 eum
1074 958 1226 1025 beneficia

68 1064 335 1147 commemoravit,
352 1065 435 1148 quod
449 1087 507 1131 rea
523 1065 705 1147 appellatus
720 1069 801 1131 esset
815 1087 836 1130 a
851 1071 972 1144 senatu,
997 1065 1080 1148 quad
1094 1065 1224 1142 antuus,

67 1169 149 1250 quod
172 1191 310 1234 munera
333 1170 527 1252 amplissime
550 1173 665 1251 missu·
688 1193 784 1255 quam
802 1193 868 1236 reru
885 1175 915 1237 et
925 1171 1042 1251 paucis
1057 1171 1226 1254 contipr'sse

67 1279 94 1338 et
113 1295 181 1354 pro
205 1277 333 1359 mapuis
351 1276 513 1342 dominura
528 1277 643 1359 officiis
657 1297 824 1342 1111111111
838 1276 938 1341 tribu
954 1276 1100 1342 docebat:
1123 1274 1225 1355 illum,
1245 1292 1260 1343 5

67 1399 135 1444 eum
167 1402 272 1462 neque
301 1381 424 1446 aditum
454 1403 552 1465 neque
580 1403 710 1448 causam
732 1382 925 1464 postulandi
952 1382 1068 1448 iustam
1090 1382 1224 1459 11151111,

66 1485 218 1568 laneficio
241 1508 279 1552 ac
302 1486 494 1553 liberalitate
515 1507 575 1552 sua
598 1508 636 1553 aa
650 1493 782 1552 seruatus
796 1508 834 1552 ea
849 1489 1002 1569 praemia
1017 1492 1223 1554 cameratum.

68 1590 216 1658 Docebat
245 1593 353 1673 etiam,
385 1615 480 1676 quum
511 1599 629 1660 ueteres
652 1614 808 1676 quamque
829 1594 933 1658 iustae
956 1612 1070 1659 causae
1091 1593 1261 1662 necessi-a

68 1697 196 1762 tudinis
224 1698 307 1778 ipsis
338 1719 408 1764 curu
430 1699 554 1766 Aeduis
582 1700 821 1778 intercederent,
851 1721 931 1782 quae
953 1699 1260 1769 euaaueunsuuaa

68 1805 216 1882 quotiens
239 1825 393 1887 quareque
416 1805 590 1886 honorifica
612 1807 648 1870 iu
671 1825 722 1871 eos
742 1806 831 1886 faeta
853 1811 964 1884 essent,
986 1811 1023 1870 ut
1045 1805 1131 1870 omui
1153 1810 1226 1870 um-

66 1928 143 1986 pore
167 1911 268 1974 totius
287 1910 416 1975 Galliae
432 1913 656 1994 principatum
670 1911 778 1976 Aedui
799 1911 981 1990 tenuissent,
998 1911 1099 1992 prius
1120 1909 1225 1989 etiam,

69 2035 164 2094 quana
195 2020 338 2081 nostrum
369 2017 543 2082 amicitiam
573 2018 776 2099 appetissent.
824 2017 942 2098 Populi
973 2016 1114 2082 Rotnani
1144 2016 1260 2084 dunos

71 2139 132 2184 esse
157 2123 425 2202 cousuetudinem,
449 2129 484 2188 ut
505 2124 607 2189 socios
629 2129 722 2206 atque
746 2124 864 2188 amicas
885 2143 949 2188 non
971 2123 1062 2188 111111
1077 2122 1129 2188 sui
1142 2121 1226 2186 nihil

70 2225 252 2308 deperdere,
284 2229 341 2294 sed
368 2229 486 2312 pratia,
518 2229 683 2313 dipuitate,
715 2229 837 2294 1111111
861 2230 1018 2295 auctiores
1045 2228 1123 2293 uelit
1144 2247 1226 2306 esse;

71 2335 153 2411 quod
175 2354 251 2400 aero
273 2333 318 2399 ad
339 2335 513 2402 amicitiara
531 2335 649 2418 populi
663 2335 804 2401 Romani
824 2335 1014 2415 attulissent,
1036 2335 1073 2400 id
1085 2335 1130 2401 iis
1144 2333 1227 2415 eripi

71 2440 141 2519 quis
166 2442 244 2523 pati
273 2442 404 2523 posset?
447 2441 626 2507 Postulavit
658 2443 772 2509 deiude
802 2442 921 2521 eadem,
955 2461 1036 2524 quae
1059 2441 1172 2523 legatis
1194 2441 1261 2508 ina

17 2532 18 2535 ¹
72 2546 230 2612 mandatis
253 2546 401 2613 dederat:
426 2569 465 2613 ne
488 2553 543 2613 aut
562 2549 686 2614 Aeduis
708 2554 765 2612 aut
788 2568 895 2613 eorum
917 2548 1014 2614 sociis
1036 2546 1155 2613 bellum
1177 2546 1227 2609 in·

72 2703 279 2759 unbewaldeteu
305 2704 478 2761 bezeichnen.
512 2691 587 2760 llber
607 2704 649 2759 die
703 2706 863 2761 heschldsse
886 2705 988 2774 gulten.
1017 2704 1051 2760 cl.
1074 2704 1108 2758 11.
1135 2706 1175 2757 14.
1194 2704 1220 2757 5.
1244 2730 1278 2742 -

73 2791 648 2863 ouverbundeueuddj.el.zuc.1210.
702 2799 733 2847 ut
753 2793 845 2863 „wie“.
883 2794 966 2849 Nicht
993 2793 1081 2847 seiten
1107 2790 1193 2845 findet
1220 2789 1279 2844 sich

104 2884 129 2932 2.
150 2878 254 2933 1111111111
273 2902 304 2925 =
324 2881 510 2935 constitutum.
530 2910 564 2920 —
582 2897 648 2950 pas·
702 2883 773 2936 uach
793 2881 846 2936 den
862 2880 943 2936 Verb.
962 2880 1098 2935 sentiendi
1117 2885 1186 2935 statt
1204 2879 1279 2933 eines

72 2966 146 3020 sibus
166 2967 290 3023 ducentis
309 2969 343 3023 cl.
362 2986 396 3023 zu
416 2986 437 3024 c.
458 2973 499 3023 21.
521 2974 543 3023 1.
702 2970 922 3040 Objektiveatzes
949 2969 987 3022 im
1014 2972 1078 3024 Acc.
1106 2984 1129 3023 c.
1156 2967 1208 3021 Iul.
1233 2966 1279 3021 ein

17 3098 18 3105 .
105 3058 128 3109 3.
150 3072 182 3109 11
200 3057 277 3124 equis
295 3057 327 3111 ct.
346 3074 380 3111 zu
398 3073 421 3112 c.
440 3059 464 3111 4.
486 3063 510 3115 1.
702 3058 858 3113 Modalsata
876 3058 926 3110 mit
943 3062 981 3111 ut.
999 3056 1033 3110 ct.
1052 3056 1077 3110 b.
1096 3071 1119 3109 e.
1138 3056 1172 3109 11.
1191 3058 1216 3112 5.
1235 3059 1261 3113 3.

105 3148 129 3198 1.
152 3144 240 3212 quad.
254 3185 261 3198 .
274 3144 347 3213 quod
360 3190 367 3203 .
381 3186 386 3199 .
400 3145 480 3213 quod,
500 3147 649 3214 Anaphora
736 3149 761 3200 8.
780 3144 1008 3210 cousuetudinem,
1018 3149 1050 3199 ut
1062 3141 1174 3199 Schultz
1185 3146 1246 3199 275.
1252 3148 1278 3199 2.

74 3230 105 3284 cl.
123 3249 148 3289 c.
170 3236 209 3289 14.
230 3236 254 3287 3.
283 3262 316 3271 -
343 3249 456 3287 munera
475 3234 649 3306 amplissima
702 3234 820 3304 Seyffert
830 3236 890 3287 257.
902 3238 927 3287 3.
942 3248 967 3287 a.
989 3261 1019 3269 -
1040 3232 1175 3287 audieras
1193 3231 1226 3287 cl.
1246 3230 1278 3287 V.

74 3318 121 3375 Mit
141 3322 190 3377 der
208 3321 377 3391 Verleihuug
401 3323 447 3377 des
467 3322 649 3392 Kdnigstitels
703 3328 744 3381 12.
766 3326 782 3377 6
809 3320 1016 3378 remissioribus.
1039 3322 1064 3377 b.
1085 3337 1107 3376 c.
1126 3322 1176 3375 111.
1197 3323 1240 3375 84.
1262 3323 1278 3372 2

73 3424 161 3465 waren
185 3409 377 3479 mauuiglache
401 3411 562 3467 Gescheuke
590 3428 648 3467 ver·
701 3409 937 3466 confirmatiorem.
970 3439 1003 3449 -
1029 3409 1101 3477 quad
1120 3450 1126 3464 .
1145 3450 1151 3465 .
1171 3408 1279 3463 attulis-

74 3495 187 3553 huuden.
200 3498 649 3567 DergleichenGeschenkewaren
701 3504 761 3553 seut
788 3499 813 3555 d.
842 3498 870 3556 h.
899 3499 959 3553 ihre
987 3498 1110 3554 Freiheit
1136 3498 1192 3553 und
1218 3498 1279 3551 ihre

75 3586 142 3641 uach
158 3586 214 3641 Liv.
232 3586 315 3640 XXX.
329 3588 370 3641 15.
385 3590 416 3640 11
435 3603 519 3643 aurea
538 3604 649 3655 corona,
702 3587 935 3656 Machtctellung,
978 3586 1021 3642 die
1068 3588 1108 3642 sie
1144 3586 1279 3653 besalaan,

76 3687 153 3731 aurea
180 3683 290 3744 patera,
322 3675 392 3730 sella
418 3678 533 3743 curulis,
564 3678 650 3745 scipio
701 3675 743 3732 als
762 3677 801 3731 sie
825 3677 868 3730 eiu
892 3676 988 3731 foedus
1010 3691 1125 3745 aequum
1150 3676 1200 3729 mit
1227 3674 1279 3728 den

77 3762 201 3832 eburnus,
226 3772 291 3833 toga
308 3764 391 3832 picta,
410 3766 530 3833 palmata
548 3766 649 3820 tunica.
701 3766 820 3819 Romern
857 3765 1007 3819 schlosseu.
1050 3794 1082 3801 -
1122 3763 1183 3831 quis
1214 3761 1280 3830 pati

76 3850 106 3905 cl.
124 3853 195 3907 auch
213 3852 277 3907 Tac.
296 3856 367 3907 Anu.
386 3851 431 3905 IV.
451 3854 493 3907 26.
697 3857 797 3921 posset.
825 3839 901 3907 llber
919 3852 972 3908 den
988 3851 1070 3921 Konj.
1097 3852 1145 3906 der
1163 3850 1277 3905 rhetori-

108 3944 130 3993 5.
156 3939 262 3995 aditum
279 3940 308 3993 iu
326 3941 526 4009 dhertragener
545 3940 649 3997 Bedeu·
702 3941 788 3995 schen
815 3940 904 4009 Frage
928 3942 956 3994 in
982 3941 1030 3995 der
1053 3956 1092 3994 or.
1117 3937 1224 3993 111111.
1244 3954 1279 3993 zu

77 4033 138 4097 tung
157 4029 401 4098 ,Berechtigung“.
421 4029 455 4082 cl.
467 4030 492 4085 h.
507 4045 528 4084 c.
542 4029 562 4083 Ι.
576 4032 618 4083 74.
632 4031 648 4083 5
702 4044 725 4082 a.
744 4031 785 4082 40.
803 4033 828 4082 2.

77 4114 173 4169 aditum
192 4115 439 4171 commendationis.
738 4118 762 4169 9.
774 4118 806 4168 in
815 4115 1279 4181 mandatisdederat,einolfizicller

110 4208 133 4261 7.
159 4206 190 4258 in
213 4220 266 4274 eos,
285 4205 314 4260 iu
338 4204 537 4261 treuudlichem
557 4204 649 4273 Sinue,
703 4204 849 4258 Ausdruch
861 4228 892 4251 =
905 4204 1090 4259 maudaverat.
1103 4235 1135 4243 —
1148 4210 1179 4258 at
1192 4203 1278 4273 ,doch

79 4307 119 4345 um
136 4310 168 4348 zu
186 4294 361 4360 bezeichnen,
382 4310 450 4349 aem
474 4293 518 4348 dic
537 4292 647 4349 Senatu·
702 4292 895 4360 nenigstens“.
