2934 4750
189 212 231 272 56
662 225 703 280 De
720 225 793 282 bello
812 224 927 280 Gallico.

241 384 303 446 quo
333 383 369 431 se
396 367 583 449 reciperent,
610 385 674 434 non
696 367 859 448 habereut,
882 386 944 449 quo
967 367 1129 449 superiore
1152 385 1235 433 anuo
1257 365 1403 448 perfugio

206 476 334 535 serant
354 472 413 551 usi,
444 490 553 538 ornnes
575 471 642 539 iere
664 473 697 538 in
720 478 912 555 potestatem
934 472 1067 539 Labieni
1089 479 1310 556 pervenerunt.
1361 477 1404 536 At

203 575 205 579 ’
241 579 278 657 Q.
296 577 436 643 Titurius
459 586 494 644 et
509 577 544 646 L.
562 575 657 645 Cotta
679 579 788 662 legati,
812 580 867 661 qui
885 581 916 644 in
933 579 1151 662 Menapiorum
1167 577 1246 645 fines
1261 579 1404 662 legiones

241 683 405 763 duxerant,
428 685 573 749 omnibus
593 704 702 750 eorum
718 685 804 767 agris
821 685 963 766 vastaris,
980 683 1144 750 frumentis
1161 685 1300 765 suoeisiS,
1317 685 1404 750 aedi·

241 787 319 854 ficiis
349 791 499 870 incensis,
531 792 616 872 quod
643 791 783 875 Menapii
815 809 849 856 se
879 809 987 857 omues
1015 793 1047 857 in
1081 791 1283 857 densissimas
1305 791 1405 856 silvas

205 905 223 956 4
240 895 437 975 abdiderant,
453 913 488 961 se
501 897 543 962 ad
555 893 723 964 Gaesarem
738 903 936 979 receperunt.
962 895 1080 962 Caesar
1096 899 1129 962 iu
1141 897 1245 978 Belgis
1262 897 1405 962 omnium

241 1000 400 1084 legionum
422 1001 553 1067 hiberna
575 1003 751 1070 constituit.
783 1005 830 1070 Eo
855 1003 937 1068 duae
960 1004 1088 1071 omnino
1111 1003 1255 1070 civitates
1279 1021 1317 1068 ex
1332 1002 1406 1068 Bri-

199 1128 211 1192 =.²
225 1095 350 1172 'annia
371 1107 497 1173 obsides
520 1109 681 1190 miserunt,
705 1109 845 1190 reliquae
868 1109 1083 1190 neglexerunt.
1119 1109 1177 1174 His
1193 1109 1287 1174 rebus
1302 1110 1406 1191 gestis

241 1229 281 1276 ex
308 1211 423 1278 litteris
454 1211 601 1280 Caesaris
633 1215 755 1280 dierum
787 1215 900 1298 viginti
931 1213 1121 1298 supplicatio
1155 1233 1175 1281 a
1204 1220 1319 1281 senatu
1352 1215 1405 1281 de·

240 1323 328 1384 oreta
350 1325 407 1384 est.

188 1529 288 1583 minum
314 1529 541 1597 propinquitates.
570 1559 605 1570 -
634 1546 689 1600 pao
707 1570 714 1586 .
733 1570 767 1587 ..
821 1531 877 1586 und
905 1531 953 1586 das
973 1531 1046 1587 Volk
1070 1531 1122 1587 den
1141 1531 1334 1587 schriftliahan
1354 1531 1404 1586 Ba·

183 1614 316 1684 personia
334 1621 414 1670 arant
431 1617 483 1670 usi.
521 1619 578 1672 Der
596 1617 768 1674 Relatirsatz
822 1620 895 1674 richo
914 1619 1016 1674 Cinara
1040 1619 1108 1676 uber
1133 1621 1209 1676 seine
1232 1619 1404 1687 Kriegszuga

187 1702 288 1771 gehort
306 1721 340 1759 au
357 1705 495 1773 paludum.
822 1707 892 1762 nach
904 1707 957 1762 den
967 1707 1058 1762 bisher
1068 1708 1260 1763 unbekanuten
1271 1706 1404 1762 Lindern

822 1795 968 1850 Germania
993 1795 1048 1850 und
1066 1797 1209 1852 Britannia
1227 1793 1403 1850 auinahmen.

821 1884 856 1939 ai.
876 1882 927 1938 Dio
947 1883 1024 1942 Cass.
1043 1887 1086 1953 39,
1104 1887 1147 1942 53.
1172 1883 1243 1940 Plut.
1263 1883 1345 1939 Caes.
1361 1887 1403 1938 23.

822 1972 985 2041 Vergeblioh
1003 1971 1123 2028 sordente
1143 1972 1219 2038 Cato,
1239 1971 1299 2026 dass
1317 1973 1347 2028 O.
1364 1974 1402 2027 in·

822 2059 896 2129 iolge
925 2060 1017 2116 seinos
1042 2060 1211 2116 Verfahrens
1240 2076 1331 2128 gagen
1363 2060 1403 2114 die

223 1841 249 1893 3.
268 1837 335 1905 pai.
353 1877 360 1892 .
380 1795 517 1892 ,ἀαωετῖιὶι
534 1837 571 1894 of.
588 1855 623 1893 zu
642 1854 664 1894 a
683 1841 727 1897 22.
742 1842 767 1895 ὅ.

190 1954 221 1962 -
252 1925 448 1995 Menapiorum
471 1928 505 1982 ef.
529 1945 564 1982 zu
589 1945 612 1982 o.
637 1933 663 1983 4.
688 1931 713 1983 2.
734 1957 765 1968 -

187 2014 300 2068 uacans
317 2014 352 2069 of.
371 2032 405 2070 zu
423 2032 446 2071 o.
468 2017 509 2074 19.
529 2020 552 2072 l.

224 2150 248 2202 5.
265 2147 371 2202 aarum
389 2148 666 2217 oiqoatisappiicats'o
684 2149 718 2204 af.
735 2155 768 2202 zu
823 2149 1400 2218 UsipeterundTeneterer,welahesgagen

187 2236 222 2290 ΙΙ,
242 2237 286 2294 35.
303 2239 328 2291 4.
361 2236 413 2291 Die
432 2237 658 2304 ungewohnliahe
678 2237 769 2293 Dauer
822 2236 891 2292 alles
903 2235 1087 2292 Volkerreeht
1099 2236 1239 2304 verstiess‚
1257 2235 1312 2290 den
1325 2237 1400 2290 Fein·

150 2394 153 2397 ᾗ
189 2324 237 2380 des
273 2324 451 2381 offantliehen
486 2324 652 2381 Dankfestes
687 2326 768 2394 seips,
823 2325 1085 2395 deu'.ausgeliafort
1115 2324 1215 2381 narde.
1263 2323 1297 2380 of.
1334 2325 1396 2380 Plut.

187 2415 239 2467 mit
250 2414 381 2470 walchem
395 2413 610 2470 Enthnsiasmus
623 2414 672 2470 der
684 2414 769 2470 Sonat
822 2414 900 2470 Caes.
919 2419 962 2471 22.
983 2414 1091 2470 Sueten.
1111 2414 1188 2475 Caes.
1207 2418 1250 2468 24.
