2934 4750
155 197 194 257 16
626 207 667 262 De
685 206 759 261 bello
778 206 891 262 Gallico.

205 351 306 414 omnis
329 351 484 414 exercitus
507 366 559 412 res
582 350 764 430 gerebatur,
792 355 829 414 ut
851 349 971 414 nullum
994 348 1087 429 paulo
1111 347 1222 414 fortius
1247 347 1367 414 lactum

169 455 304 520 alatere
326 461 448 536 posset:
477 473 586 519 omnes
607 457 693 520 enim
717 453 814 520 colles
837 473 875 520 ac
898 455 970 519 loca
992 455 1165 535 superiora,
1190 457 1274 520 unde
1297 463 1369 520 erat

175 605 176 609 =
204 561 400 644 propinquus
423 559 589 640 despectus
612 561 646 624 in
669 579 765 640 mare,
789 561 830 624 ab
855 562 993 626 exercitu
1016 561 1217 628 tenebantur.

173 680 185 728 ι
297 672 347 734 15.
383 666 544 744 Disiecta,
576 672 613 730 ut
635 666 785 746 diximus,
817 667 987 746 antemnis⁹
1016 685 1087 732 cum
1111 666 1252 748 singulas
1275 667 1368 732 binae

206 792 244 838 ac
268 778 380 837 ternae
403 790 500 836 naves
516 772 802 850 circumsteterant,
827 770 942 836 milites
959 789 1081 836 summa
1096 774 1127 837 vi
1143 772 1369 838 transceudere

170 879 238 942 ain
264 878 401 943 bostium
428 895 526 942 naves
550 877 791 944 contendebant.
838 877 930 954 Quod
954 883 1122 958 postquam
1145 878 1274 942 barbari
1298 876 1368 942 ficri

205 983 506 1061 animadverterunt,
540 983 728 1065 expugnatis
758 982 971 1064 compluribus
989 983 1142 1064 navibus,
1173 1001 1244 1048 cum
1268 984 1297 1046 ei
1322 983 1370 1046 rei

206 1088 326 1153 nullum
350 1089 543 1170 reperiretur
565 1087 724 1167 auxilium,
749 1087 825 1170 fuga
847 1087 982 1152 salutem
1003 1094 1111 1169 petere
1128 1087 1367 1154 contenderunt.

171 1209 187 1259 3
206 1197 252 1260 Ac
274 1195 336 1260 iam
360 1194 518 1260 conversis
540 1195 573 1259 in
596 1213 668 1258 eam
692 1200 816 1274 partem
840 1193 982 1274 navibus
1014 1211 1075 1274 quo
1100 1199 1212 1258 ventus
1236 1191 1369 1271 ier-ebat,

206 1305 298 1365 tanta
327 1300 432 1366 subito
462 1299 598 1366 malacia
629 1319 667 1365 ac
696 1299 912 1380 tranquillitas
944 1300 1083 1378 exstitit,
1118 1304 1154 1364 ut
1176 1317 1211 1364 se
1239 1317 1277 1364 ex
1300 1299 1370 1364 loco

171 1420 189 1468 4
208 1423 404 1470 commovere
435 1423 499 1479 nou
529 1413 667 1485 possent.
714 1405 802 1483 Quae
825 1405 951 1485 quidem
974 1421 1025 1468 res
1048 1405 1089 1468 ad
1112 1405 1272 1486 negotium
1296 1398 1369 1470 cou-

172 1523 188 1574 a
207 1509 374 1576 ficieudum
389 1511 523 1576 maxime
538 1509 600 1575 luit
614 1515 804 1592 opportuna:
830 1528 902 1574 uam
918 1509 1061 1590 singulas
1079 1511 1179 1576 nostri
1193 1512 1370 1576 consectati

208 1622 478 1698 expugnaverunt
502 1623 537 1681 ut
559 1635 739 1698 perpaucae
763 1635 801 1681 ex
824 1616 908 1682 omni
928 1634 1058 1680 numero
1074 1616 1175 1681 noctis
1190 1617 1369 1682 interventu

208 1723 250 1787 ad
272 1717 391 1786 terram
414 1723 625 1802 pervenerint,
650 1741 722 1786 cum
746 1723 787 1786 ab
810 1721 890 1787 hora
904 1720 970 1787 fere
986 1727 1102 1802 quarta
1118 1739 1219 1802 usque
1235 1723 1276 1786 ad
1295 1721 1371 1788 solis

208 1845 361 1894 occasum.
376 1832 581 1910 pugnaretur.

174 1946 189 1993 1
299 1937 349 2000 16.
381 1932 450 2010 Quo
478 1932 597 2014 proelio
624 1933 741 2000 bellum
765 1933 962 1998 Venetorum
992 1933 1152 2014 totiusque
1181 1951 1255 1998 orae
1278 1933 1371 1998 mari·

173 2046 317 2105 atumae
340 2039 519 2106 confectmn
541 2048 599 2108 est.
641 2039 721 2134 Nam
745 2057 814 2104 cnm
838 2039 939 2103 omnis
961 2039 1117 2120 iuventus,
1141 2055 1250 2104 omnes
1273 2040 1369 2104 etiam

208 2145 362 2227 gravioris
388 2147 517 2226 aetatis,
549 2147 581 2210 in
610 2147 723 2227 quibus
747 2143 866 2226 aliquid
890 2143 1011 2210 consilii
1035 2151 1091 2209 aut
1114 2144 1277 2226 dignitatis
1300 2143 1370 2224 luit,

209 2269 247 2316 eo
275 2255 502 2330 convenerant,
534 2256 616 2330 tum,
650 2251 776 2316 navium
803 2249 887 2332 quod
915 2251 1032 2331 ubique
1063 2249 1176 2328 fuerat,
1211 2252 1244 2314 iu
1274 2268 1369 2315 uuum

174 2367 190 2419 3
208 2357 312 2421 locum
328 2360 513 2438 coegerant3
536 2358 651 2439 quibus
666 2357 791 2423 amissis
806 2356 921 2439 reliqui
935 2373 1037 2438 neque
1054 2372 1115 2438 qno
1128 2373 1166 2422 se
1183 2356 1378 2439 reciperent,-¹

209 2480 311 2543 neque
333 2463 598 2544 quemadmodum
621 2463 738 2546 oppida
760 2462 976 2542 defenderent,
1000 2462 1172 2527 habebant.
1202 2462 1314 2543 Itaque
1338 2480 1371 2527 se

174 2580 191 2629 4
210 2586 331 2649 suaque
353 2570 460 2634 omnia
482 2566 613 2634 Caesari
636 2570 835 2636 dediderunt.
882 2568 918 2632 111
941 2586 1020 2649 quos
1044 2586 1080 2632 co
1104 2569 1232 2649 gravius
1255 2565 1375 2633 Caesar

209 2674 433 2756 vindicandum
455 2676 578 2755 statuit
601 2693 664 2756 quo
687 2675 871 2757 diligentius
894 2674 927 2739 in
950 2674 1104 2755 reliquum
1122 2680 1247 2755 tempus
1263 2692 1284 2738 a
1298 2673 1372 2738 bar-

210 2780 297 2844 baris
320 2781 370 2845 ius
392 2780 569 2863 legatorum
590 2786 843 2847 conservaretur.
879 2780 991 2860 ltaque
1013 2780 1098 2844 omui
1121 2786 1236 2844 senatu
1259 2784 1372 2844 necato

209 2886 350 2967 reliquos
372 2888 431 2951 sub
454 2903 572 2952 corona
593 2887 744 2954 vendidit.
1387 2878 1388 2881 '

159 3045 335 3099 Seesclrlacbt
357 3044 440 3098 stand
459 3044 489 3099 G.
507 3044 559 3097 mit
577 3043 630 3098 den
648 3043 737 3099 Laud·
792 3041 886 3111 hdufig
897 3042 942 3096 bei
955 3041 983 3097 O.
996 3058 1049 3097 von
1062 3042 1258 3097 militarischcn
1274 3041 1374 3097 Unter·

158 3132 340 3201 truppenaut'
349 3132 573 3187 dandheuvon
584 3131 623 3190 St.
635 3132 739 3199 Gildas,
793 3132 976 3198 uehmuugen.
994 3130 1029 3189 cf.
1048 3148 1084 3185 zu
1103 3131 1123 3183 Ι.
1142 3134 1184 3185 45.
1205 3137 1219 3184 1
1239 3148 1264 3185 ιι.
1284 3135 1309 3184 b.
1339 3160 1374 3171 -

158 3220 230 3275 nahe
248 3220 298 3275 der
317 3220 399 3275 Stadt
417 3219 543 3275 Sarzean
787 3220 971 3288 perpercerint.
1013 3206 1089 3274 Uber
1119 3218 1172 3273 den
1198 3217 1274 3287 Oouj.
1300 3218 1375 3273 Perl.

194 3308 240 3363 15.
279 3313 303 3363 l.
326 3308 406 3361 bircae
423 3324 456 3360 ac
473 3313 576 3373 tcraac,
599 3308 666 3363 zuei
684 3308 739 3363 und
792 3309 864 3363 nach
873 3310 963 3363 ciuem
973 3308 1143 3363 Prdtaritum
1153 3309 1182 3361 in
1191 3306 1374 3375 Folgest'ctzeu

158 3396 300 3451 bisneilen
318 3397 400 3463 cogar
420 3396 485 3450 dre'n
792 3396 836 3451 bei
851 3397 879 3451 0.
893 3396 1111 3453 cf.au11.2l.5.
1132 3426 1163 3435 -
1183 3396 1217 3450 ab
1232 3396 1301 3449 bora
1316 3395 1377 3462 fare

195 3487 220 3537 2.
238 3482 375 3537 aradium
393 3482 557 3552 „arbutea
793 3489 905 3553 quarta,
915 3484 1050 3553 ungemur
1057 3502 1081 3540 v.
1089 3489 1123 3539 10
1129 3484 1188 3541 Uhr
1195 3500 1322 3552 morgcns
1331 3500 1375 3537 au.

195 3576 221 3626 3.
233 3570 276 3624 Ac
288 3570 356 3639 bebo
367 3571 420 3625 den
432 3571 579 3639 folgenden
589 3570 740 3626 Gedanken
775 3598 803 3629 av
828 3573 874 3629 16.
898 3576 924 3631 2.
943 3574 1056 3627 auctam
1074 3574 1112 3628 ist
1131 3573 1180 3628 des
1192 3572 1375 3627 Nacbdrucks

158 3658 310 3714 besonders
330 3659 438 3714 hervor.
468 3660 503 3717 cf.
522 3676 546 3715 c.
567 3663 608 3717 17.
626 3662 651 3713 3.
670 3676 695 3713 ιι.
714 3664 740 3713 d.
793 3660 891 3715 halber
913 3660 975 3715 dem
999 3661 1081 3729 quod,
1108 3677 1162 3715 von
1186 3660 1316 3716 walchem
1344 3676 1374 3715 cs

160 3776 194 3785 -
217 3752 315 3801 centus
331 3747 444 3814 ferebat,
470 3748 518 3803 das
538 3748 620 3803 Verb.
637 3749 675 3802 ist
693 3747 740 3803 ab·
793 3749 928 3818 abbam,
953 3749 1121 3818 rorgestellt.
1157 3748 1192 3805 cf.
1217 3749 1277 3803 VII.
1296 3752 1338 3803 55.
1358 3751 1377 3803 8

159 3836 235 3891 solut
260 3842 374 3904 gesetzt
403 3865 438 3877 -
468 3838 586 3891 malacia
600 3851 641 3889 ac
663 3842 741 3890 traa·
793 3838 924 3893 frumenti
942 3838 1016 3905 quod
1034 3842 1086 3893 etc.
1199 3872 1201 3877 ,

160 3923 291 3991 parilitas.
328 3925 384 3979 Das
412 3925 636 3993 ungewdhnlicba
659 3925 741 3979 Wort
830 3929 854 3979 4.
875 3941 947 3993 pao.
966 3970 972 3983 .
992 3968 999 3985 .
1018 3930 1231 3980 maseroarctar.
1260 3924 1318 3992 Quo
1337 3925 1375 3978 im

160 4010 227 4064 wird
251 4010 345 4084 durch¹
361 4012 405 4067 ein
424 4013 679 4081 gebrauchlicheres
698 4029 740 4069 er·
792 4012 895 4069 finalen
908 4014 998 4069 Sinne.
1017 4014 1119 4067 -aab
1137 4012 1375 4067 coroaauartdc'dc't

159 4097 244 4152 klart.
273 4098 470 4160 cf.V1.15.2
493 4101 634 4157 ambactos
658 4101 740 4156 elien·
794 4102 853 4171 „als
867 4102 984 4157 Sklaven
999 4100 1180 4166 verkaufen“;
1199 4102 1270 4157 deun
1288 4103 1316 4156 in
1334 4102 1374 4155 al·
1463 4128 1465 4134 ·

160 4194 267 4253 tesqua.
792 4196 877 4245 tester
900 4191 961 4246 Zeit
987 4191 1078 4245 wurde
1106 4190 1159 4245 den
1181 4190 1374 4259 Kriagsgcfan·

195 4279 221 4331 4,
248 4276 395 4345 capotium.
434 4277 532 4332 Dieses
559 4278 640 4334 Wort
666 4278 740 4333 steht
793 4294 890 4347 gornen,
916 4279 1018 4335 welche
1040 4280 1082 4333 als
1102 4278 1221 4333 Sklavcn
1245 4280 1377 4335 verkault
