2934 4750
194 210 235 272 18
669 220 711 274 De
729 218 802 273 bello
816 217 929 272 Gallico.

245 365 302 431 sed
324 363 407 429 laete
429 367 461 428 et
482 380 577 428 earne
599 361 710 426 vivunt
730 360 928 443 pellibusque
949 366 1024 426 sunt
1045 359 1161 426 vestiti.
1199 357 1317 424 Omnes
1330 374 1403 420 vero

244 488 280 536 se
294 468 438 535 Britanni
452 469 536 535 vitro
551 465 704 546 inficiunt,
727 469 810 549 quod
828 465 1005 532 caeruleum
1016 465 1123 532 *efficit
1143 464 1290 542 colorem,
1312 470 1406 544 atque

208 594 227 644 a
244 577 304 642 boo
326 575 516 640 horridiores
538 579 613 639 sunt
634 575 790 656 inpugna
805 578 949 655 aspectu3
974 572 1150 655 capilloque
1165 576 1240 636 sunt
1255 571 1406 652 promisso

243 687 339 762 atque
363 681 448 747 omni
469 684 562 762 parte
587 679 728 761 eorporis
751 697 826 744 rasa
856 683 983 761 praeter
1012 684 1109 760 eaput
1138 682 1172 743 et
1202 676 1325 742 labrum
1355 692 1406 738 su-

207 788 360 871 sperius.
406 785 528 852 Uxores
551 785 671 850 habent
693 786 767 850 deni
788 785 986 865 duodenique
1009 785 1093 849 inter
1114 801 1149 848 se
1172 799 1353 848 communes
1376 787 1408 843 et

207 894 378 963 smaxime
400 892 516 958 iratres
538 889 786 957 cumfratribus
809 897 1021 973 parentesque
1045 908 1115 954 eum
1138 888 1259 967 liberis3
1283 887 1339 952 sed
1354 887 1408 967 qui

244 1005 319 1064 sunt
348 1013 387 1064 ex
409 990 457 1063 his
487 999 564 1076 nati,
597 1015 706 1061 eorum
738 996 896 1062 habentur
925 995 1027 1076 liberi,
1060 1013 1121 1076 quo
1151 995 1289 1077 primum
1320 994 1407 1073 virgo

244 1122 388 1187 quaeque
410 1103 546 1168 deducta
568 1108 628 1169 est.

170 1271 173 1274 ·
209 1251 225 1298 1
334 1234 384 1294 15.
408 1228 540 1309 Equites
562 1227 699 1292 bostium
724 1226 936 1307 essedariique
960 1227 1076 1292 acriter
1097 1226 1215 1308 proelio
1232 1244 1305 1290 oum
1320 1223 1409 1306 equi-

243 1339 315 1398 tatu
337 1338 447 1397 nostro
470 1333 502 1396 in
525 1333 639 1398 itinere
663 1332 878 1411 condixerunt,
901 1333 947 1397 its
970 1338 1075 1398 tamen
1095 1337 1131 1396 ut
1147 1331 1247 1396 nostri
1263 1330 1408 1396 omnibus

243 1439 387 1523 partibus
410 1438 592 1520 superiores
614 1437 733 1504 fuerint
763 1445 859 1520 atque
888 1456 942 1503 eos
965 1439 997 1502 in
1020 1438 1116 1504 silvas
1139 1437 1299 1517 collesque
1323 1453 1409 1501 com·

207 1563 225 1614 2
243 1543 396 1626 pulerint3
420 1544 476 1609 sed
500 1543 714 1625 compluribus
738 1542 912 1608 interiectis
930 1545 1074 1626 cupidius
1089 1543 1225 1610 insecuti
1240 1543 1409 1608 nonnullos

209 1669 283 1720 sex
313 1650 379 1714 suis
411 1651 595 1717 amiserunt.
651 1650 694 1714 At
728 1649 775 1714 illi
807 1650 988 1715 intermisso
1020 1651 1123 1732 spatio
1155 1649 1409 1731 imprudentibus

243 1756 361 1820 nostris
384 1762 481 1837 atque
503 1757 665 1838 occupatis
694 1757 726 1820 in
758 1757 933 1821 munitione
964 1761 1142 1822 castrorum
1171 1756 1276 1821 subito
1306 1773 1342 1820 se
1374 1773 1409 1820 ex

243 1861 330 1927 silvis
354 1863 514 1928 eiecerunt
536 1863 721 1944 impetuque
744 1861 777 1926 in
800 1880 854 1928 sos
876 1860 972 1942 iacto,
1003 1863 1057 1944 qui
1086 1868 1179 1928 erant
1207 1862 1240 1926 in
1271 1863 1408 1927 statione

207 1987 225 2038 4
243 1986 300 2050 pro
324 1967 436 2032 eastris
458 1968 612 2049 collocati,
634 1969 751 2034 aeriter
774 1973 996 2051 pugnaverunt
1011 1969 1196 2050 duabusque
1212 1967 1317 2033 missis
1333 1969 1407 2032 sub-

243 2073 324 2139 sidio
347 2073 528 2139 cohortibus
552 2093 573 2139 a
595 2071 733 2140 Caesare
756 2080 853 2156 atque
875 2075 923 2140 bis
946 2076 1056 2157 primis
1079 2076 1238 2158 legionum
1262 2073 1406 2151 duarum,

244 2198 314 2245 eum
339 2179 401 2244 hae
422 2179 596 2261 perexiguo
619 2181 799 2247 intermisso
823 2181 883 2246 loci
906 2181 1009 2263 spatio
1030 2183 1114 2247 inter
1130 2199 1164 2247 se
1180 2181 1406 2257 constitissent,

192 2478 336 2532 sudliehen
355 2478 503 2546 Gegsnden
523 2478 700 2533 Brit-annisus
721 2479 773 2534 Ge·

190 2565 280 2619 treide
307 2567 450 2634 angebant.
470 2596 503 2605 -
526 2565 606 2621 uitro.
646 2567 696 2621 Die
714 2567 774 2621 Bri·

190 2654 774 2709 tannieribrbtenihreHautmitderWaid·

190 2741 774 2812 pflanze,derenBlbttereinendemlndigo

189 2830 774 2900 ahnliohenFarbstoffenthalteqci.Ovid.

190 2934 243 2973 arn.
264 2919 299 2973 H.
324 2923 364 2974 16.
381 2923 415 2974 39
438 2919 595 2988 viridesque
615 2921 772 2977 Britannos.

226 3011 251 3061 3.
284 3008 518 3077 capilloque...
540 3009 691 3078 promisso,
721 3011 772 3065 wie

190 3096 263 3151 omni
282 3103 361 3163 parte
380 3139 387 3152 .
407 3138 414 3151 .
433 3114 498 3152 rasa
517 3098 580 3152 Abi.
599 3098 671 3165 qual.

178 3204 181 3210 ⁴
225 3186 251 3239 4.
282 3184 345 3238 deni
375 3184 546 3254 duodenique
583 3187 669 3253 „zehn
706 3186 773 3241 oder

190 3272 297 3327 asold.
323 3272 358 3327 of.
378 3274 427 3328 111.
449 3277 490 3329 15.
512 3279 535 3328 1.
554 3274 634 3329 binae
659 3290 692 3329 ae
716 3283 773 3329 ter·

191 3376 252 3429 nae,
280 3361 309 3415 b.
325 3361 379 3416 air.
398 3365 476 3416 47.2
505 3363 533 3416 in
560 3362 645 3416 tertio
665 3368 775 3430 quarto·

190 3464 245 3515 que
263 3448 314 3503 die.
334 3480 368 3487 -
387 3456 414 3504 et
431 3450 548 3504 maxime
562 3473 595 3495 =
609 3457 638 3504 et
656 3452 774 3507 maxime

190 3536 298 3603 quidem
317 3538 352 3592 of.
371 3554 395 3593 e.
413 3540 456 3592 45.

226 3627 250 3678 b.
279 3640 333 3693 quo
351 3648 386 3669 =
404 3624 440 3679 ad
459 3640 535 3692 qnos.
563 3611 640 3679 fiber
660 3625 702 3681 die
722 3628 772 3683 Be·

189 3712 310 3780 ziebung
329 3712 379 3766 der
388 3712 630 3767 Relativadrerbia
648 3714 698 3769 anf
704 3715 771 3771 Per·

190 3800 479 3855 mffluewd

190 3975 262 4029 Καρ.
272 3972 369 4020 15-17.
383 3974 479 4020 Neues·
492 3976 601 4030 Kampi
611 3988 657 4023 am
671 3978 770 4033 Stour3

269 4044 439 4099 Niederlage
453 4045 505 4091 der
518 4046 690 4095 Britannier.

225 4136 271 4191 15.
304 4140 327 4191 l.
356 4136 471 4205 Equites
488 4138 605 4191 hostiurm
624 4138 770 4191 essedarii·

190 4240 249 4293 que,
277 4225 311 4279 of.
331 4242 354 4282 e.
372 4229 397 4280 9.
417 4230 448 4295 3;
474 4227 544 4281 siber
572 4226 616 4281 die
635 4226 768 4282 essedarii

827 2482 863 2536 uf.
881 2481 928 2537 IV.
947 2484 990 2537 33.
1013 2510 1047 2521 -
1073 2481 1103 2533 iu
1132 2480 1237 2547 itiitere,
1268 2480 1319 2533 auf
1347 2479 1407 2533 dem

828 2570 958 2625 Marsehe
976 2585 1038 2624 vom
1058 2568 1233 2636 Sebiffslsger
1257 2568 1328 2621 nach
1347 2567 1407 2621 dem

829 2657 920 2713 Stour.
940 2687 972 2697 -
992 2658 1116 2711 omuibus
1130 2658 1268 2724 partibus,
1297 2655 1408 2710 brtlieb.

828 2746 862 2800 ei.
893 2746 952 2800 vll.
979 2750 1022 2800 22.
1049 2748 1065 2799 3
1094 2760 1128 2799 ex
1156 2745 1228 2798 omni
1257 2753 1343 2812 parte.
1377 2773 1406 2783 -

827 2832 932 2900 fueriut
972 2841 1053 2903 atque
1093 2832 1277 2900 compulerint.
1332 2820 1408 2887 siber

827 2923 902 2977 diese
925 2923 970 2977 bei
990 2922 1018 2977 C.
1037 2924 1065 2976 in
1083 2922 1285 2976 konsekutiven
1305 2920 1408 2976 Satzen

826 3012 930 3065 settene
950 3011 1157 3078 Coresutemp.
1176 3008 1211 3065 of.
1224 3010 1258 3064 11.
1276 3014 1319 3064 21.
1338 3013 1363 3064 5.
1385 3028 1407 3064 c.

827 3101 870 3154 54.
889 3104 914 3155 4.

862 3224 887 3280 3.
914 3220 1067 3275 intermisso
1085 3223 1184 3291 spatie,
1206 3224 1243 3276 im
1262 3224 1408 3278 zeitliehen

832 3310 914 3365 Sinne
935 3312 1024 3381 „uach
1042 3328 1187 3379 gereumer
1206 3313 1294 3377 Zeit“,
1327 3310 1361 3366 ei.
1381 3312 1407 3365 b.

828 3416 850 3454 e.
871 3400 921 3454 111.
940 3401 982 3453 84.
1004 3404 1016 3453 1
1043 3400 1111 3453 satis
1130 3399 1212 3468 longo
1232 3402 1320 3469 spatio
1340 3407 1407 3453 tem·

827 3488 904 3556 poris
924 3529 930 3541 .
951 3530 957 3541 .
977 3489 1141 3545 intermisso.

860 3616 885 3668 4.
905 3618 986 3681 utque
1004 3611 1041 3665 iis
1062 3612 1132 3681 „und
1150 3615 1249 3667 swar“.
1269 3612 1301 3667 Ε.
1313 3612 1339 3667 S.
1353 3616 1406 3667 204

825 3701 905 3755 Anrn.
928 3706 954 3756 2.
983 3701 1009 3755 S.
1029 3702 1073 3755 W.
1099 3704 1159 3756 249.
1184 3704 1209 3756 8.
1239 3731 1270 3738 -
1295 3701 1404 3769 primis.

825 3789 877 3843 Die
907 3798 981 3844 erste
1012 3789 1143 3848 Koborte.
1176 3790 1224 3845 der
1254 3790 1325 3845 anob
1357 3789 1405 3844 der

824 3876 910 3931 Adler
940 3878 989 3933 der
1017 3878 1120 3945 Legion
1151 3884 1311 3933 anrertraut
1338 3894 1403 3943 war,

825 3965 915 4019 zdblte
933 3965 1084 4020 besonders
1106 3966 1229 4033 tdchtige
1246 3967 1341 4023 Lente.
1370 3996 1401 4005 -

824 4067 892 4120 eum,
912 4052 940 4107 in
959 4054 1146 4109 konzessivem
1165 4052 1254 4110 Sinus.
1285 4055 1334 4109 Bei
1354 4055 1402 4109 der

823 4141 1038 4208 geseblossenen
1070 4142 1194 4211 Stellung
1224 4143 1327 4197 hieiten
1363 4144 1400 4197 sie

823 4230 865 4283 ein
895 4230 1109 4286 Durchbrecben
1145 4231 1194 4286 der
1225 4232 1327 4285 Feiude
1357 4230 1399 4285 idn
