2934 4750
175 216 223 278 30
650 227 693 281 De
711 227 784 282 bello
803 226 919 282 Gallico.
1012 182 1023 203 ι

233 369 344 434 civitas
375 368 481 451 ampla
510 373 606 450 atque
636 368 768 446 florere,
798 372 835 434 ut
863 375 913 432 est
942 375 1054 450 eaptus
1084 368 1330 450 Germanorum,
1360 373 1393 433 et
1462 435 1463 440 ,

233 474 336 556 paulo,
360 492 455 556 quam
471 474 613 539 eiusdem
628 475 753 556 generis
770 475 877 553 ceteri,
902 480 977 538 sunt
993 474 1203 552 humaniores
1224 481 1393 555 propterea
1462 489 1463 558 3

233 580 318 662 quod
341 579 484 644 Rhenum
515 583 678 662 attingunt
708 579 906 662 multumque
937 579 976 644 ad
1000 599 1054 645 eos
1077 585 1271 644 mercatores
1296 580 1394 645 venti·
1462 573 1463 602 ¹

233 692 304 752 tunt
325 691 358 750 et
378 686 439 767 ipsi
461 694 592 768 propter
613 686 880 767 propinquitatem
897 685 1026 751 Gallicis
1041 694 1116 750 sunt
1131 687 1269 750 moribus
1287 704 1394 750 assue-

194 791 317 858 4lneti.
350 792 418 856 Hos
440 792 631 872 consuetu,
655 792 764 857 multis
788 811 882 872 saepe
905 791 996 856 bellis
1020 793 1151 875 experti,
1175 798 1308 873 propter
1329 809 1395 855 am·

233 897 418 980 plitudinem
432 897 684 980 gravitatemque
694 897 956 962 civitatisfinibns
969 897 1125 978 expellere
1136 915 1199 962 non
1209 897 1394 980 potuissent,

233 1009 339 1069 temen
361 1004 535 1082 vectigales
558 1003 618 1069 sibi
640 1003 785 1069 fecerunt
808 1022 845 1068 ac
868 1003 968 1069 multo
991 1003 1174 1069 humiliores
1192 1001 1395 1068 infirmiores·

233 1127 294 1190 que
315 1109 515 1191 redegerunt.

197 1226 214 1275 n
321 1221 352 1282 4.
391 1217 427 1280 ln
459 1216 572 1280 eadem
602 1233 699 1280 cansa
729 1214 859 1279 luerunt
889 1213 1038 1296 Usipetes
1069 1221 1101 1280 et
1129 1214 1283 1296 Tencteri,
1317 1231 1395 1296 quos

233 1340 331 1405 snpra
350 1322 494 1400 diximus,
517 1322 572 1403 qui
588 1320 766 1402 complures
782 1339 881 1386 annos
896 1319 1073 1386 Sueborum
1089 1322 1150 1385 vim
1167 1321 1394 1399 sustinuerunt,

234 1427 276 1492 ad
307 1433 481 1492 extremum
513 1433 618 1492 tamen
647 1427 733 1507 agris
767 1427 887 1508 expulsi
918 1432 951 1491 et
973 1425 1082 1491 multis
1105 1425 1394 1504 loeisGermaniae

192 1534 403 1598 ,atrienninm
425 1533 533 1614 vagati
555 1533 597 1598 ad
620 1533 763 1597 Rhenum
786 1538 1010 1614 pervenerunt.
1050 1533 1136 1610 Quas
1160 1533 1307 1616 regiones
1332 1531 1395 1596 Me·

234 1639 321 1719 napii
342 1637 524 1703 incolebant
546 1645 579 1702 et
601 1637 644 1702 ad
666 1647 836 1719 utramque
855 1639 956 1719 ripam
971 1635 1109 1702 fluminis
1124 1655 1228 1718 agros,
1253 1635 1395 1702 aedificia

192 1745 381 1826 aricosqne
403 1743 579 1821 habebant3
611 1744 668 1809 sed
691 1749 800 1809 tantae
823 1743 1035 1808 multitudinis
1059 1743 1149 1808 aditu
1172 1742 1337 1824 perterriti
1359 1761 1395 1806 ex

232 1850 272 1914 iis
300 1850 460 1930 aedificiis,
491 1867 574 1932 qnae
603 1854 693 1914 trans
723 1847 840 1914 flumen
863 1849 1051 1928 habuerant,
1083 1849 1342 1931 demigraverunt
1365 1853 1395 1911 et

234 1956 279 2021 cis
296 1955 440 2022 Rhenum
464 1956 627 2038 dispositis
644 1956 810 2036 praesidiis
827 1954 1004 2020 Germanos
1020 1954 1157 2019 transire
1174 1953 1393 2035 prohibebant.

193 2061 284 2126 anti
311 2063 417 2127 omnia
445 2062 578 2143 experti,
609 2080 680 2126 cnm
708 2079 810 2141 neque
839 2061 869 2125 vi
892 2061 1085 2126 contendere
1107 2065 1235 2142 propter
1259 2061 1393 2141 inopiam

234 2169 362 2232 navium
395 2185 496 2248 neque
530 2167 611 2232 clam
644 2168 781 2232 transire
814 2172 945 2248 propter
979 2167 1140 2232 custodias
1177 2165 1392 2250 Menapiorum

234 2276 374 2354 possent,
401 2273 519 2336 reverti
548 2291 582 2336 se
614 2273 645 2335 in
670 2289 746 2338 snas
770 2272 860 2337 sedes
884 2273 1090 2353 regionesque
1113 2270 1344 2338 simulaverunt
1365 2274 1395 2334 ot
1437 2315 1439 2318 ψ

194 2389 216 2441 n
236 2380 333 2444 tridui
356 2371 440 2442 viam
462 2379 623 2460 progressi
646 2396 755 2444 rursus
778 2384 978 2444 reverterunt
997 2387 1093 2460 atque
1110 2378 1192 2445 omni
1209 2378 1270 2444 hoe
1284 2380 1393 2444 itinere

234 2503 299 2549 una
325 2490 418 2551 noete
447 2485 591 2565 equitatu
622 2482 763 2550 coniecto
790 2484 906 2549 inscios
938 2486 1199 2567 inopinantesque
1230 2484 1394 2566 Menapios

193 2594 473 2671 suppresserunt,
504 2589 560 2670 qui
589 2589 628 2653 de
656 2588 885 2654 Germanorum
918 2590 1061 2654 discessu
1091 2608 1150 2671 per
1182 2590 1394 2671 exploratores
1419 2626 1423 2633 ι

235 2695 387 2759 certiores
409 2693 488 2759 facti
510 2696 578 2760 sine
602 2703 688 2759 metu
710 2703 802 2760 trans
818 2695 962 2761 Rhenum
987 2697 1017 2759 in
1040 2713 1115 2759 suos
1139 2697 1223 2761 vicos
1247 2698 1394 2777 remigra-

198 2809 357 2865 tverant.
388 2800 444 2864 llis
467 2798 644 2865 interiectis
667 2799 863 2882 navibusque
886 2819 994 2865 eorum
1018 2801 1189 2881 occupatis,
1213 2802 1394 2882 prinsquam

235 2925 274 2972 ea
301 2924 377 2988 pars
401 2904 628 2986 Menapiorum,
660 2923 741 2986 quae
772 2906 854 2970 citra
877 2905 1021 2971 Rhenum
1044 2912 1123 2985 erat,
1158 2906 1273 2971 certior
1297 2905 1393 2982 fieret,

180 3138 215 3186 ut
227 3138 266 3186 est
278 3137 377 3199 eaptus
389 3130 589 3186 &omanorum
603 3132 688 3200 ,nach
703 3131 764 3185 dem
853 3135 879 3189 2.
898 3130 1034 3200 Menapii,
1054 3132 1098 3185 ein
1111 3131 1266 3199 belgisohes
1277 3134 1394 3187 deten·

184 3218 290 3287 Begriff
319 3219 368 3274 der
394 3221 565 3275 Germanen“
597 3220 765 3274 beselrrankt
818 3220 880 3274 rollr
911 3220 1047 3275 zwisalten
1079 3220 1157 3274 Meas
1187 3220 1242 3275 und
1273 3220 1394 3275 Schelde.

178 3308 233 3362 das
246 3308 470 3376 vorlrergelrende
484 3308 583 3363 Urteil.
596 3336 630 3347 -
645 3307 765 3361 eiusderu
818 3307 853 3362 el.
876 3308 921 3362 lli.
939 3310 965 3363 9.
985 3311 1027 3362 10.

178 3396 290 3465 ,aneae
313 3396 408 3450 meris
432 3396 494 3465 ,die
512 3397 627 3465 strigon
647 3396 764 3449 Sturum·
854 3399 879 3451 3.
906 3396 1060 3450 babuerunt
1087 3396 1146 3450 scil.
1171 3397 1254 3451 berar
1278 3398 1318 3453 sie
1343 3410 1393 3450 von

182 3484 347 3552 genossen“,
359 3484 481 3539 eiusdem
492 3486 603 3552 generis
613 3485 658 3539 ein
666 3484 764 3539 Gener.
819 3483 871 3539 den
881 3482 1036 3538 Germanou
1049 3482 1100 3537 aui
1109 3483 1159 3538 das
1168 3484 1394 3541 linlrsrheinisehe

178 3572 259 3640 qual.
643 3610 646 3616 ·
811 3571 887 3627 ‘Ufer
905 3571 1040 3640 gemdngt
1057 3572 1176 3631 unrden.

220 3663 246 3713 4.
297 3657 505 3725 amplitudinem
550 3659 766 3727 pravitatemque
853 3663 879 3715 4.
905 3675 1003 3714 musas
1026 3666 1203 3727 revenerunt,
1231 3664 1275 3717 ein
1298 3661 1340 3715 bei
1367 3657 1391 3713 0.

180 3746 389 3818 ,susdehnung
406 3746 464 3801 und
483 3747 603 3802 Maeht“.
627 3776 662 3787 -
689 3747 765 3801 reda·
800 3748 908 3804 ditem
945 3750 1175 3805 rorlrommender
1210 3750 1392 3812 pleonasmus,

179 3840 284 3905 parunt
303 3856 335 3880 =
348 3834 523 3889 reddiderunt
541 3834 575 3889 of.
588 3851 622 3888 an
635 3836 670 3889 ll.
684 3840 726 3889 27.
740 3840 766 3891 b.
799 3902 800 3905 Ἴ
819 3838 920 3893 ebenao
940 3838 973 3896 V.
991 3842 1033 3894 35.
1054 3842 1091 3907 3.;
1111 3838 1146 3893 cl.
1166 3839 1198 3893 V.
1212 3842 1284 3895 34.4
1302 3848 1393 3891 rursus

57 3974 60 3980 ,
151 3956 184 3987 ,μ’
219 3926 249 3979 4.
287 3928 310 3978 1.
328 3938 414 3977 causa
427 3944 459 3968 =
474 3923 632 3978 conditione
647 3924 767 3992 ,Lagea
794 3927 996 3995 :recipientes
1022 3927 1065 3980 Vl.
1084 3930 1108 3981 3.
1133 3931 1151 3983 ὃ
1176 3943 1271 3982 rursus
1289 3922 1395 3980 reduxit

184 4041 221 4053 -
237 4027 325 4079 supra
342 4011 377 4065 oi.
397 4027 420 4069 c.
440 4015 464 4065 1.
482 4016 508 4065 2.
523 4040 553 4050 -
569 4011 608 4065 ad
618 4018 767 4067 ostrearum
820 4015 845 4068 b.
865 4030 888 4068 c.
907 4015 955 4069 lll.
975 4017 1018 4070 93.
1039 4020 1052 4068 1
1073 4030 1170 4069 rursus
1188 4020 1327 4069 renovato.

181 4099 332 4170 „zuletzt“‚
357 4100 385 4152 in
412 4098 503 4154 dieser
528 4099 690 4169 Bedentnng
714 4118 767 4155 nur
856 4104 881 4155 t.
908 4102 983 4155 omni
1005 4102 1056 4155 boc
1080 4102 1177 4157 itinere
1200 4102 1393 4167 ...consona

187 4189 258 4242 hier.
288 4188 323 4242 cf.
354 4186 488 4257 (Hirtius)
518 4185 592 4242 Vlll.
619 4192 664 4243 43.
689 4193 707 4243 4
731 4188 768 4243 ad
820 4176 1392 4260 llberdieHdutungungleielrartigerdbl·

182 4282 362 4347 postremum.
821 4278 856 4332 ei.
873 4295 908 4333 au
928 4279 976 4336 ΙΙΙ.
994 4280 1036 4333 29.
1053 4283 1079 4337 2.
