2934 4750
1231 17 1421 139 π

184 196 224 257 52
656 210 697 265 De
714 207 787 264 bello
806 207 921 264 Gallico,

202 365 216 414 1
261 386 263 389 ·
324 356 376 417 32.
407 351 490 417 Dum
513 370 553 418 ea
575 357 737 434 geruntur,
766 352 890 434 legione
918 371 957 419 ex
984 341 1211 419 constemens
1242 372 1307 420 unu
1330 351 1400 420 iru-

235 464 410 524 mentatnm
432 459 538 537 missa,
569 477 650 540 quae
672 459 892 540 appellabatur
914 460 1057 540 septima,
1085 479 1186 542 neque
1209 459 1274 525 ulla
1298 460 1400 526 adid

234 570 358 648 tempus
383 564 457 629 belli
479 563 659 646 suspicione
680 565 879 647 interposita,
904 584 975 632 cum
991 583 1066 647 pars
1081 565 1241 632 hominnm
1257 566 1291 632 in
1309 567 1399 648 agris

234 675 422 751 remaneret,
454 689 528 753 pars
551 672 647 736 etiam
669 671 702 736 in
726 678 833 737 castra
855 671 1036 752 ventitaret,
1067 673 1098 751 ii,
1130 673 1183 754 qui
1210 691 1268 754 pro
1292 673 1399 754 portis

234 783 409 843 castrorum
437 777 470 841 in
498 777 636 841 statione
665 782 771 854 erant,
811 775 942 843 Caesari
972 779 1200 844 nuntiaverunt
1230 779 1399 860 pulverem

233 883 393 961 maiorem,
416 900 512 964 qnam
535 882 730 948 consuetudo
754 882 860 962 derret,
884 885 916 949 in
939 903 977 948 ea
999 890 1092 965 parte
1114 884 1222 965 videri,
1246 901 1345 966 quam
1365 884 1398 948 in

198 993 355 1071 apartem
383 987 466 1070 legio
495 989 556 1052 iter
583 987 718 1053 iecisset
765 986 884 1054 Caesar
906 989 948 1069 id,
979 989 1167 1071 quoderat,
1202 990 1397 1072 suspicatus,

232 1095 351 1177 aliquid
381 1095 454 1160 novi
477 1113 498 1158 a
519 1094 664 1159 barbaris
686 1095 800 1158 initum
823 1095 954 1174 consilii,
986 1095 1141 1177 cohortes,
1170 1094 1308 1178 quaein
1333 1101 1398 1161 sta-

231 1201 370 1266 tionibus
392 1206 494 1278 erant,
518 1217 623 1265 secum
645 1200 679 1264 in
702 1219 773 1264 enm
789 1197 911 1282 partem
926 1200 1089 1283 proficisci,
1115 1220 1152 1266 ex
1168 1201 1299 1283 reliquis
1316 1201 1397 1267 duas

232 1307 265 1372 in
287 1308 457 1372 stationem
480 1305 626 1371 cohortes
648 1307 827 1386 succedere,
859 1307 998 1390 reliquas
1030 1308 1148 1372 ormari
1170 1314 1204 1372 et
1226 1307 1395 1374 confestim

197 1426 302 1478 asese
326 1413 476 1494 subsequi
498 1413 599 1478 iussit.
639 1411 719 1476 Onm
743 1413 838 1494 paulo
861 1412 985 1494 longius
1009 1414 1161 1479 scastris
1176 1415 1393 1496 processisset,

225 1524 306 1584 'suos
337 1518 378 1582 ab
406 1518 552 1583 hostibus
579 1519 679 1600 premi
707 1505 804 1599 atque
828 1537 923 1600 aegre
945 1520 1102 1585 sustinere
1125 1528 1158 1582 et
1182 1518 1328 1585 conferta
1351 1519 1395 1586 le·

195 1623 324 1710 agione
347 1644 385 1690 ex
407 1625 553 1691 omnibns
575 1625 720 1707 partibus
744 1624 809 1689 tela
831 1624 931 1690 conici
953 1626 1187 1691 animadvertit.
1210 1623 1292 1690 Nam
1308 1625 1393 1708 quod

231 1733 314 1797 omni
343 1750 381 1795 ex
409 1731 537 1813 reliquis
568 1732 714 1813 partibus
744 1731 888 1797 demesso
919 1730 1077 1798 irnmento
1111 1750 1186 1814 pars
1220 1751 1287 1798 una
1323 1734 1392 1798 erat

229 1837 361 1919 reliqua,
390 1837 543 1919 suspicati
570 1838 677 1904 hostes
708 1836 771 1904 buc
796 1844 924 1903 nostros
951 1857 1020 1904 esse
1049 1842 1209 1918 venturos,
1238 1844 1338 1905 noctu
1360 1837 1391 1901 in

194 1944 316 2008 osilvis
343 1943 549 2022 delituerant3
582 1949 649 2008 turn
680 1944 841 2026 dispersos
871 1944 1024 2025 depositis
1052 1944 1148 2010 armis
1178 1944 1211 2007 in
1241 1941 1390 2008 metenda

228 2056 402 2131 occupatos
424 2050 528 2116 subito
551 2049 665 2130 adorti,
693 2052 804 2131 paucis
827 2049 1003 2116 interiectis
1026 2050 1165 2132 reliquos
1188 2050 1320 2114 incertis
1342 2066 1389 2114 or·

229 2156 354 2221 dinibus
382 2156 658 2238 perturbaverant,
688 2156 782 2221 simul
813 2157 957 2238 equitatu
985 2161 1081 2238 atque
1112 2156 1233 2222 essedis
1255 2157 1387 2221 circum·

227 2262 390 2329 dederant.

194 2380 207 2430 1
316 2373 366 2437 33.
395 2369 503 2436 Genus
531 2367 590 2434 hoc
613 2376 663 2435 est
685 2390 723 2435 ex
745 2368 865 2437 essedis
888 2387 1023 2452 pugnae.
1070 2369 1176 2435 Primo
1199 2387 1257 2451 per
1281 2380 1381 2435 omncs

153 2612 185 2649 f
206 2613 253 2670 32.
283 2614 752 2672 Leccomuetadiaebezichtsich
806 2616 867 2671 eine
885 2616 967 2671 balbe
986 2614 1112 2671 Koborte
1133 2614 1187 2670 den
1206 2612 1384 2669 Wacbdienst

171 2702 221 2759 aui
236 2718 299 2759 una.
333 2702 361 2757 G.
380 2704 457 2760 batte
475 2705 569 2760 ausser
587 2705 634 2760 der
654 2707 678 2763 7.
698 2705 751 2759 La-
805 2720 840 2760 an
855 2706 885 2773 je
906 2704 995 2759 einem
1013 2702 1113 2761 Thorc.
1137 2733 1167 2743 -
1192 2702 1325 2773 reliquas,
1343 2699 1384 2753 die

170 2791 243 2861 gion,
270 2792 372 2847 welche
397 2809 448 2847 zur
465 2793 751 2862 Verproviantierung
805 2793 920 2862 hbrigen
944 2792 1122 2848 4Koborten
1142 2792 1191 2849 cler
1211 2794 1252 2848 10.
1273 2788 1382 2858 Legion.

169 2879 338 2948 ansgesandt
359 2896 425 2947 war,
449 2898 501 2936 nnr
519 2881 563 2937 die
583 2885 625 2937 10.
645 2882 749 2949 Legion
839 2884 863 2937 3.
882 2880 1025 2947 sustinere,
1038 2880 1156 2936 absolut.
1174 2878 1209 2937 cf.
1222 2896 1257 2933 aa
1270 2896 1293 2933 c.
1309 2881 1349 2932 ll.
1359 2876 1382 2929 6.

168 2969 205 3024 im
223 2969 322 3037 Luger.
337 2998 368 3007 —
387 2969 425 3023 ad
444 2970 473 3025 td
490 2974 606 3038 tempas.
626 2971 686 3027 Von
700 2971 749 3026 der
804 2998 835 3007 -·
861 2969 985 3034 conferta
1010 2965 1123 3037 depictae,
1148 2965 1210 3025 Abl.
1234 2967 1293 3021 abs.
1335 2962 1382 3016 Die

167 3056 383 3125 Uolerwerfnng
406 3057 455 3113 der
472 3058 629 3113 Britannicr
652 3059 694 3113 bis
714 3075 749 3113 zu
801 3055 907 3122 nogion
926 3072 983 3111 nar
1002 3055 1029 3109 in
1050 3056 1129 3110 einen
1148 3054 1257 3109 dichten
1278 3051 1381 3108 Hauien

168 3147 271 3203 diesem
289 3146 364 3215 Tage
384 3162 441 3201 war
459 3147 525 3202 lrein
538 3147 678 3203 Verdacbt
694 3148 749 3202 ein·
802 3144 1105 3212 zusammengedrbngt.

166 3240 314 3313 pstremo,¹
340 3234 400 3289 dcis
428 3233 472 3289 die
499 3236 660 3291 Britannier
689 3236 747 3291 sich
836 3235 860 3288 b.
874 3230 1146 3300 depositisarms'cin
1157 3235 1215 3283 met.
1228 3231 1378 3298 occupatos,

166 3324 267 3378 wieder
293 3329 424 3391 empdrcn
450 3323 568 3379 udrden.
600 3354 633 3363 —
664 3325 749 3391 ferret
800 3320 903 3375 uthere
929 3320 1088 3389 llrlrlhrung
1114 3336 1146 3373 zu
1172 3318 1322 3387 dispersos.
1348 3341 1375 3353 -

167 3413 233 3481 ,mit
251 3412 311 3466 sich
330 3412 471 3466 brachte‘t
499 3442 533 3452 -
563 3412 595 3465 in
613 3429 646 3467 eo
665 3417 748 3480 parte
801 3408 910 3463 incertis
934 3408 1085 3462 ordinibus.
1131 3408 1189 3462 Den
1214 3410 1376 3462 recorrentes

168 3502 214 3570 „in
233 3500 281 3554 der
300 3500 465 3569 Richtung“.
485 3488 560 3555 iiber
573 3499 747 3555 dieWieder·
803 3498 933 3555 Soldaten
950 3515 1006 3553 war
1025 3514 1055 3553 es
1075 3498 1118 3553 bei
1137 3496 1198 3553 dem
1214 3492 1376 3565 plhtzlicben

166 3589 269 3656 holnng
281 3589 329 3643 des
342 3588 434 3644 Subat.
447 3590 476 3642 in
489 3588 550 3642 dem
561 3588 748 3644 Relativsatze
802 3586 911 3655 Angrih'
918 3586 1083 3655 unmoglich,
1098 3587 1125 3641 in
1138 3586 1225 3640 Reibe
1238 3582 1294 3640 und
1302 3576 1374 3637 (iliud

166 3678 201 3733 cl.
219 3694 253 3731 zu
272 3678 293 3734 1.
311 3680 337 3731 6.
358 3680 384 3730 l.
800 3690 835 3729 zu
857 3681 956 3732 trecen.
993 3675 1033 3727 lnr
1059 3675 1173 3742 hbrigen
1191 3670 1313 3741 gescbah
1333 3668 1371 3722 dm

201 3771 227 3821 2.
246 3763 352 3833 aliquid
364 3764 583 3818 noui...doitum
595 3763 747 3832 consilium,
801 3764 838 3817 im
862 3762 878 3833 ξ
899 3767 917 3817 4
937 3780 963 3817 u.
983 3765 999 3817 5
1018 3761 1151 3817 Erzdhite
1170 3778 1219 3817 vor
1237 3762 1297 3816 dem
1315 3756 1373 3811 niu·

165 3854 392 3923 epexegetischer
405 3852 469 3907 Satz
487 3869 521 3907 zu
534 3852 572 3922 id,
590 3852 745 3921 quoderat.
802 3851 902 3907 trcffen
922 3852 1031 3907 (lasars.

166 3942 201 3997 of.
223 3959 257 3997 zu
281 3942 347 3996 io.
367 3945 391 3994 1.
420 3970 452 3980 -
481 3940 608 4008 cobortes,
627 3957 696 4009 quae
713 3942 745 3994 in
773 3966 798 3982 ‹-
831 3940 878 4011 33,
917 3944 942 3998 l.
971 3938 1019 3992 Ec
1042 3938 1143 3993 essedis
1167 3938 1243 3993 steht
1263 3932 1372 3992 attribu·

165 4030 332 4085 stationibus
350 4033 438 4083 crant.
475 4029 652 4084 Gewbhnlich
677 4030 745 4085 hiell
796 4030 894 4083 tivisch
919 4046 953 4082 zu
977 4042 1094 4097 pugnae.
1139 4014 1217 4082 siber
1242 4019 1372 4085 (lertu'tisse

162 4119 194 4187 ie
217 4119 279 4174 eine
297 4118 418 4172 Koborte
436 4134 472 4172 an
491 4117 544 4171 den
562 4118 620 4171 viar
639 4118 744 4187 Haupt·
798 4117 1010 4186 Verbindungen
1022 4116 1093 4171 ohns
1107 4112 1302 4170 vermittelnde
1311 4106 1371 4159 Ver·

166 4207 264 4261 thoren
284 4205 332 4260 des
345 4206 450 4274 Lageus
464 4206 576 4259 Wacbe.
590 4234 621 4243 -
637 4205 744 4259 careli-
796 4205 914 4261 baliorm
937 4204 972 4259 cf.
995 4222 1029 4259 nu
1048 4205 1067 4259 l.
1087 4207 1129 4259 18.
1149 4208 1175 4260 7.
1213 4204 1263 4257 Die
1281 4194 1371 4253 streit-

167 4294 230 4363 pur‘s
246 4293 325 4359 duas,
353 4292 483 4348 demnach
501 4293 588 4360 bezog
600 4294 674 4362 jetzt
692 4310 744 4348 nur
796 4309 893 4362 magen
924 4293 973 4348 der
1006 4293 1168 4349 Britannici·
1203 4304 1292 4347 mareu
1325 4278 1369 4335 mii
