2934 4750
560 227 661 294 comm.
680 239 755 294 VIII.
776 242 853 294 5-7.
1188 201 1191 208 Ι
1273 232 1313 291 89

96 381 283 463 collocavit;
321 383 392 463 ipse
429 401 501 447 cum
541 381 660 446 crebris
700 381 911 463 legationibus
944 381 1114 446 Remorum
1136 382 1296 446 ,certiora

41 561 45 566 ,
97 486 193 553 fieret
227 485 419 568 Bellovacos
454 489 509 569 qui
543 487 618 552 belli
651 486 754 569 gloria
792 486 901 552 Gallos
937 505 1045 553 omnes
1084 486 1262 568 Belgasque

25 623 37 663 ,·
100 592 317 678 praestabant,
339 592 553 674 finitimasque
583 592 634 657 hia
660 593 807 658 civitates
837 593 915 657 duce
946 593 1063 658 Correo
1093 592 1261 658 Bellovaco

96 701 133 764 at
154 696 297 763 Commio
320 699 475 763 Atrebate
497 691 653 764 exercitus
677 690 862 779 comparare
878 702 974 779 atque
996 699 1029 762 in
1044 715 1142 762 unum
1157 696 1262 763 locum
1372 697 1375 702 '

98 821 225 885 cogere,
254 809 290 868 ut
318 805 403 869 omni
433 804 633 869 multitudine
662 805 694 868 in
722 801 802 892 fines
832 802 1045 894 Suessionum,
1076 803 1130 884 qui
1156 803 1261 867 Remis

96 914 192 974 erant
223 910 380 989 attributi,
413 910 553 975 lacerent
584 910 832 990 impressionem,
868 911 1025 991 pertinere
1058 913 1165 974 autem
1197 927 1262 973 non

99 1020 228 1100 tantum
250 1015 291 1080 ad
315 1015 520 1097 dignitatem,
544 1015 599 1080 sed
631 1016 726 1080 etiam
757 1015 799 1080 ad
827 1014 963 1079 salutem
991 1033 1081 1079 snam
1108 1006 1268 1079 iudicaret

98 1120 220 1185 nullam
243 1120 460 1185 calamitatem
474 1121 575 1186 socios
591 1121 710 1201 optime
726 1119 766 1184 de
781 1119 945 1200 republica
960 1121 1089 1185 meritos
1109 1121 1260 1201 accipere,

100 1225 259 1308 legionem
282 1245 322 1290 ex
343 1226 483 1292 hibernis
506 1231 616 1291 evocat
638 1243 748 1295 rursus
771 1209 979 1306 undecimam,
1003 1225 1129 1291 litteras
1156 1231 1260 1290 autem
1281 1239 1296 1288 3

100 1332 141 1396 ad
164 1329 199 1399 G.
228 1333 361 1396 Fabium
390 1332 498 1411 mittit,
534 1338 570 1395 ut
603 1333 636 1395 in
662 1329 742 1396 fines
774 1330 977 1396 Suessionum
1004 1331 1143 1413 legiones
1173 1331 1261 1410 duas,

96 1455 178 1519 quas
201 1436 349 1517 habebat,
374 1437 556 1517 adduceret,
580 1437 777 1518 alteramque
800 1456 847 1501 ex'
862 1437 985 1502 duabus
1008 1455 1027 1500 a
1057 1436 1092 1504 T.
1121 1437 1261 1502 Labieno

98 1544 243 1608 arcessit.
288 1542 346 1622 lta,
371 1549 525 1623 quantuni
549 1542 751 1608 hibernorum
774 1545 996 1624 opportunitas
1018 1542 1156 1622 bellique
1179 1542 1262 1605 ratio
1281 1554 1297 1602 4

100 1648 293 1729 postulabat,
317 1655 470 1741 perpetuo
493 1666 552 1713 suo
576 1647 685 1713 labore
707 1651 739 1713 in
763 1649 863 1713 vicum
887 1648 1064 1730 legionibus
1092 1646 1263 1728 expeditio·
1377 1665 1380 1672 ¹

31 1824 35 1828 Α
100 1772 176 1818 num
199 1771 278 1818 onus
301 1755 496 1836 iniungebat.

166 1864 187 1929 ᾗ
208 1865 237 1926 7.
277 1859 334 1923 llis
358 1861 457 1941 copiis
480 1860 598 1925 coactis
621 1859 662 1924 ad
686 1859 870 1924 Bellovacos
900 1857 1108 1941 proficiscitur
1136 1859 1295 1948 castris-1

98 1966 217 2046 quein
241 1983 349 2030 eorum
372 1964 486 2030 finibus
509 1965 621 2046 positis
644 1966 787 2047 equitum
810 1971 933 2028 turmas
958 1965 1089 2029 dimittit
1104 1964 1136 2028 in
1153 1981 1262 2029 omues

102 2075 212 2151 partes
234 2071 276 2135 ad
300 2071 432 2160 aliquosv
446 2071 654 2152 excipiendos,
678 2071 853 2152 exquibus
877 2070 1014 2135 hostium
1047 2069 1179 2134 consilia
1208 2088 1260 2134 co-

99 2181 277 2255 gnosceret.
323 2175 456 2258 Equites
477 2175 579 2242 officio
598 2173 698 2241 functi
716 2178 900 2241 renuntiant
917 2192 1036 2257 paucos
1058 2175 1091 2239 iu
1113 2173 1263 2240 aedificiis
1281 2187 1297 2234 a

100 2298 172 2345 esse
195 2283 348 2361 inventos,
375 2288 471 2383 atque
494 2282 562 2361 hos,
585 2301 649 2347 nou
672 2285 728 2364 qui
752 2301 901 2365 agrorum
934 2282 1136 2348 colendorum
1166 2298 1261 2346 causa

99 2560 162 2597 zum
180 2543 601 2611 Kriegliibrenalleingeeignet
619 2562 683 2613 war,
738 2546 865 2600 ...sed
884 2547 981 2613 etiam,
1007 2545 1040 2599 cf.
1065 2548 1107 2599 41.
1132 2548 1148 2599 6
1176 2562 1199 2599 c.
1228 2548 1270 2598 52.
1290 2548 1314 2599 5.
1388 2588 1393 2595 .

100 2631 136 2686 cl.
156 2631 221 2685 Sall.
239 2631 299 2698 Iug.
324 2636 366 2686 44.
386 2637 402 2686 3
421 2641 450 2685 et
473 2626 682 2699 tempus'aeati·
772 2638 796 2687 3.
816 2633 854 2685 ad
873 2633 901 2694 G.
920 2632 1048 2694 Fabiam.
1073 2648 1103 2687 er
1123 2633 1316 2686 dbarwinterte

101 2736 197 2774 vorum
215 2721 386 2773 comitiorum
409 2736 485 2774 mora
509 2721 682 2775 imminuerat
736 2722 771 2774 im
792 2722 888 2775 Gabiet
908 2722 956 2775 der
974 2722 1082 2787 Remer,
1101 2720 1134 2774 cf.
1150 2719 1209 2775 Vll.
1228 2722 1271 2773 90.
1290 2724 1314 2773 5.

98 2823 275 2860 -sommum
284 2808 388 2874 beilum,
399 2811 443 2862 ein
454 2809 681 2863 entscbeidender
737 2838 770 2849 —
796 2826 814 2860 a
842 2809 871 2862 Τ.
891 2808 1028 2873 Labieno,
1053 2823 1083 2861 er
1116 2807 1312 2861 iiberwlnterte

100 2895 240 2963 Krieg.-
258 2895 285 2949 0.
302 2896 473 2962 Treboniam,
492 2896 575 2952 clav.
595 2900 636 2950 17.
656 2901 680 2950 2.
735 2898 783 2949 mit
810 2898 877 2951 zuei
907 2896 1045 2963 Legionen
1072 2897 1109 2948 im
1138 2894 1236 2949 Gebict
1256 2895 1314 2949 der

134 2988 160 3037 2.
188 2983 343 3050 Remorum,
370 2978 405 3039 cl.
434 2984 494 3039 VIl.
523 2987 565 3038 63.
594 2988 618 3038 7.
649 3015 678 3022 --
735 2977 884 3052 Sequaner,
904 2983 938 3039 af.
958 2984 1018 3039 vll.
1038 2986 1080 3038 90.
1100 2986 1124 3037 4.

98 3070 271 3137 Bellouacos,
290 3072 323 3125 cf.
343 3071 413 3125 vll:
423 3075 465 3142 59.
485 3075 510 3125 2.
532 3100 561 3110 -
584 3071 681 3124 Gallos
770 3078 795 3127 4.
806 3078 938 3140 quamtum
952 3114 958 3127 .
970 3114 976 3125 .
987 3114 993 3126 .
1003 3071 1174 3139 postulabat,
1190 3071 1238 3125 der
1251 3070 1314 3125 Satn

98 3174 189 3211 omenes
200 3158 355 3227 Belgasque
360 3159 552 3227 praestabam,
571 3159 680 3213 Hirtius
733 3160 904 3215 besabrdnkt
917 3159 966 3213 das
978 3159 1106 3227 folgende
1118 3160 1235 3214 invicem
1248 3159 1314 3227 legi-

99 3247 245 3301 verbindet
269 3248 318 3299 mit
342 3255 485 3315 praestare
508 3248 535 3300 in
562 3247 611 3301 der
629 3247 680 3300 Be·
733 3250 831 3305 onibus
851 3248 1134 3321 expeditiondmonua
1148 3248 1315 3315 iniungebat

101 3335 222 3403 dautung
242 3334 443 3402 „ribertrcllen“
463 3337 512 3389 wie
526 3337 635 3391 Gornel.
655 3354 679 3391 u.
734 3335 1315 3404 -perpeteeoauolabore,wahrenderun·

99 3423 194 3476 Livius
212 3423 264 3476 den
278 3427 351 3488 Aac,
371 3423 499 3477 wabrend
511 3424 609 3479 Cicero
628 3425 682 3478 und
736 3425 897 3479 aufhbrlich
911 3423 1077 3492 beschaltigt
1087 3438 1152 3493 war,
1167 3422 1201 3477 ef.
1215 3439 1238 3479 a.
1251 3426 1276 3477 5.
1290 3427 1314 3477 4.

49 3506 52 3510 ’
101 3511 188 3575 (ibaar
207 3510 260 3564 rlen
280 3511 364 3564 Datis
383 3517 492 3578 setzen,
519 3512 554 3566 al.
580 3514 601 3567 l.
621 3516 645 3566 2.
665 3516 682 3565 2

102 3610 163 3652 cum
174 3599 277 3651 virtute
288 3577 411 3652 omnibus
425 3606 611 3666 praestarent.
625 3602 682 3653 Zur
921 3636 989 3721 Kap
1022 3636 1128 3702 7-23·

101 3686 190 3740 Sacbe
208 3686 295 3740 selbot
312 3686 348 3741 cl.
369 3687 426 3739 Vll.
446 3690 488 3741 59.
508 3692 533 3744 5.
554 3718 584 3727 -
607 3688 680 3742 Gom·

98 3776 152 3828 ma
166 3774 306 3840 Atrebate,
324 3774 360 3831 er.
375 3774 434 3830 vu.
453 3779 495 3830 ra.
514 3779 539 3829 a,
555 3805 582 3813 -
600 3774 680 3829 sees·
775 3758 904 3823 neruus
922 3771 1015 3822 aaran
1033 3755 1080 3812 die
1097 3754 1276 3811 Bellovaco.
1303 3755 1306 3761 '

99 3857 217 3928 sianum
237 3862 680 3929 einbelglocheallolkzwiscben
737 3845 756 3869 ‘
771 3865 798 3918 7.
835 3866 860 3919 2.
898 3869 979 3929 atque
1001 3853 1062 3927 bos,
1092 3861 1126 3914 cl.
1156 3861 1188 3914 V.
1219 3863 1260 3915 15.
1289 3864 1313 3913 4.
1427 3888 1430 3893 ·

37 4014 45 4023 ⁵
100 3952 197 4007 Marna
219 3952 275 4005 und
297 3951 383 4006 labra.
411 3980 445 3991 -
468 3952 679 4019 impressionem,
735 3951 767 4006 li.
788 3952 814 4008 S.
834 3955 887 4005 204
906 3954 986 4003 Anm.
1006 3955 1031 4003 2.
1052 3950 1078 4004 S.
1099 3950 1142 4002 W.
1162 3951 1222 4002 249.
1241 3952 1314 4003 8.-

58 4095 61 4099 .
100 4041 159 4095 dies
178 4040 269 4105 Wort‚
292 4057 343 4093 ron
367 4040 396 4095 C.
416 4041 491 4094 nieht
517 4040 681 4108 gebraucht,
735 4038 877 4107 diligenter
895 4037 1087 4105 demigratum,
1111 4052 1141 4091 es
1168 4052 1224 4090 war
1243 4036 1315 4089 dem·

98 4128 186 4183 findet
210 4128 270 4182 sich
294 4128 365 4182 auch
389 4128 414 4182 b.
433 4128 492 4181 Ain.
512 4130 554 4182 78.
575 4130 591 4181 3
609 4144 635 4181 u.
655 4131 679 4181 5.
734 4127 804 4181 nach
823 4127 882 4179 eine
895 4126 1078 4193 vollstllndige
1090 4125 1315 4193 Auswanderung

99 4246 134 4256 -
151 4231 210 4272 moa
227 4221 335 4268 tamtum
355 4257 361 4269 .
381 4257 388 4269 .
408 4257 415 4269 .
435 4215 483 4269 aed
502 4216 592 4280 etiam,
612 4222 680 4269 statt
735 4214 897 4282 organisiart
914 4214 1037 4283 worden,
1056 4214 1101 4268 bei
1120 4212 1170 4267 der
1189 4212 1316 4266 niemand

99 4305 148 4360 dea
161 4304 399 4372 gewbhnlicheren
412 4320 465 4357 non
475 4303 564 4357 solum
576 4303 680 4373 (modo)
733 4302 921 4357 zuruakblieb.
