<?xml version="1.0" encoding="UTF-8"?>
<!DOCTYPE html PUBLIC "-//W3C//DTD XHTML 1.0 Transitional//EN"
    "http://www.w3.org/TR/xhtml1/DTD/xhtml1-transitional.dtd">
<html xmlns="http://www.w3.org/1999/xhtml" xml:lang="en" lang="en">
 <head>
  <title>
</title>
<meta http-equiv="Content-Type" content="text/html;charset=utf-8" />
  <meta name='ocr-system' content='tesseract 3.04.00' />
  <meta name='ocr-capabilities' content='ocr_page ocr_carea ocr_par ocr_line ocrx_word'/>
</head>
<body>
  <div class='ocr_page' id='page_1' title='image "./ciuliicaesarisc00waltgoog_0246.png"; bbox 0 0 2934 4750; ppageno 0'>
   <div class='ocr_carea' id='block_1_1' title="bbox 83 377 99 421">
    <p class='ocr_par' dir='ltr' id='par_1_1' title="bbox 83 377 99 421">
     <span class='ocr_line' id='line_1_1' title="bbox 83 377 99 421; baseline 0 0"><span class='ocrx_word' id='word_1_1' title='bbox 83 377 99 421; x_wconf 68' lang='lat' dir='ltr'><strong>t</strong></span> 
     </span>
    </p>
   </div>
   <div class='ocr_carea' id='block_1_2' title="bbox 207 271 947 340">
    <p class='ocr_par' dir='ltr' id='par_1_2' title="bbox 207 271 947 340">
     <span class='ocr_line' id='line_1_2' title="bbox 207 271 947 340; baseline 0.012 -9"><span class='ocrx_word' id='word_1_2' title='bbox 207 271 252 332; x_wconf 77' lang='lat'><strong>62</strong></span> <span class='ocrx_word' id='word_1_3' title='bbox 683 284 725 339; x_wconf 89' lang='lat' dir='ltr'><strong>De</strong></span> <span class='ocrx_word' id='word_1_4' title='bbox 743 284 816 340; x_wconf 89' lang='lat' dir='ltr'><strong>bello</strong></span> <span class='ocrx_word' id='word_1_5' title='bbox 835 284 947 340; x_wconf 86' lang='lat' dir='ltr'><strong>Gallico.</strong></span> 
     </span>
    </p>
   </div>
   <div class='ocr_carea' id='block_1_3' title="bbox 219 425 1454 2414">
    <p class='ocr_par' dir='ltr' id='par_1_3' title="bbox 226 425 1454 1355">
     <span class='ocr_line' id='line_1_3' title="bbox 264 425 1411 510; baseline 0.002 -20"><span class='ocrx_word' id='word_1_6' title='bbox 264 425 367 492; x_wconf 89' lang='lat' dir='ltr'><strong>ciacus</strong></span> <span class='ocrx_word' id='word_1_7' title='bbox 382 426 490 492; x_wconf 78' lang='lat' dir='ltr'><strong>auxilii</strong></span> <span class='ocrx_word' id='word_1_8' title='bbox 505 425 634 508; x_wconf 86' lang='lat' dir='ltr'><strong>petendi</strong></span> <span class='ocrx_word' id='word_1_9' title='bbox 651 445 747 492; x_wconf 85' lang='lat' dir='ltr'><strong>causa</strong></span> <span class='ocrx_word' id='word_1_10' title='bbox 761 426 894 493; x_wconf 88' lang='lat' dir='ltr'><strong>Romam</strong></span> <span class='ocrx_word' id='word_1_11' title='bbox 917 428 958 493; x_wconf 92' lang='lat' dir='ltr'><strong>ad</strong></span> <span class='ocrx_word' id='word_1_12' title='bbox 974 432 1117 493; x_wconf 89' lang='lat' dir='ltr'><strong>sanatum</strong></span> <span class='ocrx_word' id='word_1_13' title='bbox 1132 429 1292 510; x_wconf 87' lang='lat' dir='ltr'><strong>protectus</strong></span> <span class='ocrx_word' id='word_1_14' title='bbox 1308 425 1411 494; x_wconf 86' lang='lat' dir='ltr'><strong>iniecta</strong></span> 
     </span>
     <span class='ocr_line' id='line_1_4' title="bbox 226 530 1412 614; baseline 0.002 -22"><span class='ocrx_word' id='word_1_15' title='bbox 226 541 298 598; x_wconf 84' lang='lat' dir='ltr'><strong>ore</strong></span> <span class='ocrx_word' id='word_1_16' title='bbox 321 530 469 598; x_wconf 84' lang='lat' dir='ltr'><strong>redierat.</strong></span> <span class='ocrx_word' id='word_1_17' title='bbox 515 531 662 598; x_wconf 80' lang='lat' dir='ltr'>Adventu</span> <span class='ocrx_word' id='word_1_18' title='bbox 678 531 826 598; x_wconf 82' lang='lat' dir='ltr'><strong>Caesaris</strong></span> <span class='ocrx_word' id='word_1_19' title='bbox 849 530 936 599; x_wconf 85' lang='lat' dir='ltr'><strong>tacta</strong></span> <span class='ocrx_word' id='word_1_20' title='bbox 959 535 1206 600; x_wconf 89' lang='lat' dir='ltr'><strong>commutatione</strong></span> <span class='ocrx_word' id='word_1_21' title='bbox 1228 553 1344 614; x_wconf 88' lang='lat' dir='ltr'><strong>rarum,</strong></span> <span class='ocrx_word' id='word_1_22' title='bbox 1367 533 1412 598; x_wconf 90' lang='lat' dir='ltr'><strong>ob·</strong></span> 
     </span>
     <span class='ocr_line' id='line_1_5' title="bbox 264 636 1413 721; baseline 0.001 -18"><span class='ocrx_word' id='word_1_23' title='bbox 264 637 382 703; x_wconf 88' lang='lat' dir='ltr'><strong>sidibus</strong></span> <span class='ocrx_word' id='word_1_24' title='bbox 397 636 538 703; x_wconf 90' lang='lat' dir='ltr'><strong>Haeduis</strong></span> <span class='ocrx_word' id='word_1_25' title='bbox 554 637 693 717; x_wconf 89' lang='lat' dir='ltr'><strong>redditis,</strong></span> <span class='ocrx_word' id='word_1_26' title='bbox 719 638 880 704; x_wconf 90' lang='lat' dir='ltr'><strong>veteribus</strong></span> <span class='ocrx_word' id='word_1_27' title='bbox 897 637 1051 705; x_wconf 81' lang='lat' dir='ltr'><strong>clientelis</strong></span> <span class='ocrx_word' id='word_1_28' title='bbox 1068 641 1234 720; x_wconf 88' lang='lat' dir='ltr'><strong>restitutis,</strong></span> <span class='ocrx_word' id='word_1_29' title='bbox 1259 641 1349 706; x_wconf 85' lang='lat' dir='ltr'><strong>novis</strong></span> <span class='ocrx_word' id='word_1_30' title='bbox 1364 659 1413 721; x_wconf 89' lang='lat' dir='ltr'><strong>per</strong></span> 
     </span>
     <span class='ocr_line' id='line_1_6' title="bbox 264 741 1410 828; baseline 0.002 -20"><span class='ocrx_word' id='word_1_31' title='bbox 264 741 432 810; x_wconf 82' lang='lat' dir='ltr'><strong>Gaesarem</strong></span> <span class='ocrx_word' id='word_1_32' title='bbox 455 745 659 826; x_wconf 81' lang='lat' dir='ltr'><strong>comparatIs,</strong></span> <span class='ocrx_word' id='word_1_33' title='bbox 687 745 774 828; x_wconf 86' lang='lat' dir='ltr'><strong>qood</strong></span> <span class='ocrx_word' id='word_1_34' title='bbox 802 745 851 825; x_wconf 94' lang='lat' dir='ltr'><strong>hi,</strong></span> <span class='ocrx_word' id='word_1_35' title='bbox 884 747 937 828; x_wconf 88' lang='lat' dir='ltr'><strong>qui</strong></span> <span class='ocrx_word' id='word_1_36' title='bbox 966 764 1001 810; x_wconf 88' lang='lat' dir='ltr'><strong>se</strong></span> <span class='ocrx_word' id='word_1_37' title='bbox 1032 746 1074 812; x_wconf 90' lang='lat' dir='ltr'><strong>ad</strong></span> <span class='ocrx_word' id='word_1_38' title='bbox 1104 765 1213 813; x_wconf 88' lang='lat' dir='ltr'><strong>eorum</strong></span> <span class='ocrx_word' id='word_1_39' title='bbox 1244 746 1410 812; x_wconf 80' lang='lat' dir='ltr'><strong>amicitiam</strong></span> 
     </span>
     <span class='ocr_line' id='line_1_7' title="bbox 263 849 1454 936; baseline 0 -21"><span class='ocrx_word' id='word_1_40' title='bbox 263 857 526 932; x_wconf 81' lang='lat' dir='ltr'><strong>aggregaverant,</strong></span> <span class='ocrx_word' id='word_1_41' title='bbox 557 849 685 916; x_wconf 89' lang='lat' dir='ltr'><strong>meliore</strong></span> <span class='ocrx_word' id='word_1_42' title='bbox 706 850 893 917; x_wconf 90' lang='lat' dir='ltr'><strong>condicione</strong></span> <span class='ocrx_word' id='word_1_43' title='bbox 924 856 1019 934; x_wconf 86' lang='lat' dir='ltr'><strong>atque</strong></span> <span class='ocrx_word' id='word_1_44' title='bbox 1047 853 1196 934; x_wconf 87' lang='lat' dir='ltr'><strong>aequiora</strong></span> <span class='ocrx_word' id='word_1_45' title='bbox 1223 853 1356 935; x_wconf 82' lang='lat' dir='ltr'><strong>imperto</strong></span> <span class='ocrx_word' id='word_1_46' title='bbox 1385 871 1412 916; x_wconf 89' lang='lat' dir='ltr'><strong>se</strong></span> <span class='ocrx_word' id='word_1_47' title='bbox 1453 881 1454 936; x_wconf 63' lang='lat' dir='ltr'><strong>p</strong></span> 
     </span>
     <span class='ocr_line' id='line_1_8' title="bbox 263 939 1454 1040; baseline -0.001 -19"><span class='ocrx_word' id='word_1_48' title='bbox 263 956 311 1022; x_wconf 91' lang='lat' dir='ltr'><strong>uti</strong></span> <span class='ocrx_word' id='word_1_49' title='bbox 333 955 494 1035; x_wconf 90' lang='lat' dir='ltr'><strong>videbant,</strong></span> <span class='ocrx_word' id='word_1_50' title='bbox 519 956 647 1037; x_wconf 90' lang='lat' dir='ltr'><strong>reliquis</strong></span> <span class='ocrx_word' id='word_1_51' title='bbox 670 956 767 1022; x_wconf 88' lang='lat' dir='ltr'><strong>rebus</strong></span> <span class='ocrx_word' id='word_1_52' title='bbox 790 975 899 1022; x_wconf 87' lang='lat' dir='ltr'><strong>eorum</strong></span> <span class='ocrx_word' id='word_1_53' title='bbox 922 958 1026 1038; x_wconf 88' lang='lat' dir='ltr'><strong>gratia</strong></span> <span class='ocrx_word' id='word_1_54' title='bbox 1048 957 1266 1040; x_wconf 84' lang='lat' dir='ltr'><strong>dignitateque</strong></span> <span class='ocrx_word' id='word_1_55' title='bbox 1291 955 1414 1039; x_wconf 84' lang='lat' dir='ltr'><strong>amphil·</strong></span> <span class='ocrx_word' id='word_1_56' title='bbox 1453 939 1454 960; x_wconf 53' lang='lat'>¹</span> 
     </span>
     <span class='ocr_line' id='line_1_9' title="bbox 227 1061 1412 1144; baseline 0.003 -23"><span class='ocrx_word' id='word_1_57' title='bbox 227 1069 335 1126; x_wconf 67' lang='lat' dir='ltr'><strong>pcata</strong></span> <span class='ocrx_word' id='word_1_58' title='bbox 358 1061 497 1142; x_wconf 87' lang='lat' dir='ltr'><strong>Sequani</strong></span> <span class='ocrx_word' id='word_1_59' title='bbox 521 1062 732 1144; x_wconf 84' lang='lat' dir='ltr'><strong>principatum</strong></span> <span class='ocrx_word' id='word_1_60' title='bbox 751 1061 950 1129; x_wconf 84' lang='lat' dir='ltr'><strong>&#39;dimiserant</strong></span> <span class='ocrx_word' id='word_1_61' title='bbox 998 1063 1035 1128; x_wconf 92' lang='lat' dir='ltr'><strong>In</strong></span> <span class='ocrx_word' id='word_1_62' title='bbox 1065 1081 1174 1128; x_wconf 90' lang='lat' dir='ltr'><strong>eorum</strong></span> <span class='ocrx_word' id='word_1_63' title='bbox 1203 1064 1308 1130; x_wconf 90' lang='lat' dir='ltr'><strong>locum</strong></span> <span class='ocrx_word' id='word_1_64' title='bbox 1331 1063 1412 1128; x_wconf 86' lang='lat' dir='ltr'><strong>Remi</strong></span> 
     </span>
     <span class='ocr_line' id='line_1_10' title="bbox 264 1166 1414 1251; baseline -0.003 -16"><span class='ocrx_word' id='word_1_65' title='bbox 264 1173 582 1249; x_wconf 88' lang='lat' dir='ltr'><strong>successerant;quos</strong></span> <span class='ocrx_word' id='word_1_66' title='bbox 592 1168 677 1249; x_wconf 89' lang='lat' dir='ltr'><strong>quod</strong></span> <span class='ocrx_word' id='word_1_67' title='bbox 685 1168 865 1248; x_wconf 87' lang='lat' dir='ltr'><strong>adaequare</strong></span> <span class='ocrx_word' id='word_1_68' title='bbox 876 1167 961 1249; x_wconf 90' lang='lat' dir='ltr'><strong>apud</strong></span> <span class='ocrx_word' id='word_1_69' title='bbox 971 1166 1138 1234; x_wconf 87' lang='lat' dir='ltr'><strong>Gaesarem</strong></span> <span class='ocrx_word' id='word_1_70' title='bbox 1149 1169 1414 1251; x_wconf 76' lang='lat' dir='ltr'><strong>gratidintellege-</strong></span> 
     </span>
     <span class='ocr_line' id='line_1_11' title="bbox 264 1272 1414 1355; baseline -0.006 -13"><span class='ocrx_word' id='word_1_71' title='bbox 264 1277 366 1353; x_wconf 88' lang='lat' dir='ltr'><strong>hatur,</strong></span> <span class='ocrx_word' id='word_1_72' title='bbox 385 1274 415 1353; x_wconf 91' lang='lat' dir='ltr'><strong>ii,</strong></span> <span class='ocrx_word' id='word_1_73' title='bbox 432 1274 486 1355; x_wconf 90' lang='lat' dir='ltr'><strong>qui</strong></span> <span class='ocrx_word' id='word_1_74' title='bbox 502 1277 634 1355; x_wconf 89' lang='lat' dir='ltr'><strong>propter</strong></span> <span class='ocrx_word' id='word_1_75' title='bbox 648 1278 773 1338; x_wconf 78' lang='lat' dir='ltr'><strong>veteres</strong></span> <span class='ocrx_word' id='word_1_76' title='bbox 788 1273 968 1339; x_wconf 84' lang='lat' dir='ltr'><strong>iuimicitias</strong></span> <span class='ocrx_word' id='word_1_77' title='bbox 985 1272 1071 1340; x_wconf 92' lang='lat' dir='ltr'><strong>nullo</strong></span> <span class='ocrx_word' id='word_1_78' title='bbox 1087 1275 1180 1340; x_wconf 92' lang='lat' dir='ltr'><strong>modo</strong></span> <span class='ocrx_word' id='word_1_79' title='bbox 1198 1293 1268 1342; x_wconf 90' lang='lat' dir='ltr'><strong>cum</strong></span> <span class='ocrx_word' id='word_1_80' title='bbox 1284 1274 1414 1340; x_wconf 88' lang='lat' dir='ltr'><strong>Haeduis</strong></span> 
     </span>
    </p>

    <p class='ocr_par' dir='ltr' id='par_1_4' title="bbox 225 1375 1414 1568">
     <span class='ocr_line' id='line_1_12' title="bbox 225 1375 1414 1462; baseline 0 -21"><span class='ocrx_word' id='word_1_81' title='bbox 225 1375 413 1462; x_wconf 77' lang='lat' dir='ltr'><strong>sconiungi</strong></span> <span class='ocrx_word' id='word_1_82' title='bbox 435 1385 591 1460; x_wconf 87' lang='lat' dir='ltr'><strong>poterant,</strong></span> <span class='ocrx_word' id='word_1_83' title='bbox 621 1396 655 1444; x_wconf 91' lang='lat' dir='ltr'><strong>se</strong></span> <span class='ocrx_word' id='word_1_84' title='bbox 677 1378 785 1445; x_wconf 84' lang='lat' dir='ltr'><strong>Remis</strong></span> <span class='ocrx_word' id='word_1_85' title='bbox 815 1379 848 1445; x_wconf 94' lang='lat' dir='ltr'><strong>in</strong></span> <span class='ocrx_word' id='word_1_86' title='bbox 871 1378 1049 1445; x_wconf 86' lang='lat' dir='ltr'><strong>clientelam</strong></span> <span class='ocrx_word' id='word_1_87' title='bbox 1078 1380 1236 1448; x_wconf 91' lang='lat' dir='ltr'><strong>dicabant.</strong></span> <span class='ocrx_word' id='word_1_88' title='bbox 1284 1381 1351 1445; x_wconf 90' lang='lat' dir='ltr'><strong>Hos</strong></span> <span class='ocrx_word' id='word_1_89' title='bbox 1378 1378 1414 1443; x_wconf 94' lang='lat' dir='ltr'><strong>illi</strong></span> 
     </span>
     <span class='ocr_line' id='line_1_13' title="bbox 265 1484 1414 1568; baseline -0.002 -17"><span class='ocrx_word' id='word_1_90' title='bbox 265 1486 433 1568; x_wconf 84' lang='lat' dir='ltr'><strong>diligenter</strong></span> <span class='ocrx_word' id='word_1_91' title='bbox 455 1484 641 1553; x_wconf 90' lang='lat' dir='ltr'><strong>tuebantur:</strong></span> <span class='ocrx_word' id='word_1_92' title='bbox 664 1484 710 1549; x_wconf 90' lang='lat' dir='ltr'><strong>ita</strong></span> <span class='ocrx_word' id='word_1_93' title='bbox 732 1491 766 1550; x_wconf 91' lang='lat' dir='ltr'><strong>et</strong></span> <span class='ocrx_word' id='word_1_94' title='bbox 788 1503 900 1550; x_wconf 88' lang='lat' dir='ltr'><strong>novam</strong></span> <span class='ocrx_word' id='word_1_95' title='bbox 924 1491 957 1551; x_wconf 89' lang='lat' dir='ltr'><strong>et</strong></span> <span class='ocrx_word' id='word_1_96' title='bbox 979 1491 1109 1568; x_wconf 91' lang='lat' dir='ltr'><strong>repente</strong></span> <span class='ocrx_word' id='word_1_97' title='bbox 1124 1485 1292 1552; x_wconf 87' lang='lat' dir='ltr'><strong>collectam</strong></span> <span class='ocrx_word' id='word_1_98' title='bbox 1317 1489 1414 1551; x_wconf 90' lang='lat' dir='ltr'><strong>aucto-</strong></span> 
     </span>
    </p>

    <p class='ocr_par' dir='ltr' id='par_1_5' title="bbox 226 1589 1414 1779">
     <span class='ocr_line' id='line_1_14' title="bbox 226 1589 1414 1674; baseline 0.001 -22"><span class='ocrx_word' id='word_1_99' title='bbox 226 1592 392 1657; x_wconf 85' lang='lat' dir='ltr'><strong>9ritatcm</strong></span> <span class='ocrx_word' id='word_1_100' title='bbox 416 1589 578 1656; x_wconf 89' lang='lat' dir='ltr'><strong>tenebant.</strong></span> <span class='ocrx_word' id='word_1_101' title='bbox 626 1589 673 1655; x_wconf 87' lang='lat' dir='ltr'><strong>Eo</strong></span> <span class='ocrx_word' id='word_1_102' title='bbox 695 1594 763 1656; x_wconf 93' lang='lat' dir='ltr'><strong>tum</strong></span> <span class='ocrx_word' id='word_1_103' title='bbox 795 1595 881 1656; x_wconf 89' lang='lat' dir='ltr'><strong>statu</strong></span> <span class='ocrx_word' id='word_1_104' title='bbox 904 1607 956 1656; x_wconf 89' lang='lat' dir='ltr'><strong>res</strong></span> <span class='ocrx_word' id='word_1_105' title='bbox 980 1596 1059 1669; x_wconf 89' lang='lat' dir='ltr'><strong>erat,</strong></span> <span class='ocrx_word' id='word_1_106' title='bbox 1090 1596 1127 1656; x_wconf 94' lang='lat' dir='ltr'><strong>ut</strong></span> <span class='ocrx_word' id='word_1_107' title='bbox 1153 1590 1247 1674; x_wconf 89' lang='lat' dir='ltr'><strong>longe</strong></span> <span class='ocrx_word' id='word_1_108' title='bbox 1271 1590 1414 1674; x_wconf 87' lang='lat' dir='ltr'><strong>principes</strong></span> 
     </span>
     <span class='ocr_line' id='line_1_15' title="bbox 264 1695 1412 1779; baseline -0.002 -17"><span class='ocrx_word' id='word_1_109' title='bbox 264 1698 458 1764; x_wconf 85' lang='lat' dir='ltr'><strong>haberentur</strong></span> <span class='ocrx_word' id='word_1_110' title='bbox 474 1695 609 1775; x_wconf 89' lang='lat' dir='ltr'><strong>Haedui,</strong></span> <span class='ocrx_word' id='word_1_111' title='bbox 632 1695 806 1763; x_wconf 90' lang='lat' dir='ltr'><strong>secundum</strong></span> <span class='ocrx_word' id='word_1_112' title='bbox 829 1695 932 1762; x_wconf 89' lang='lat' dir='ltr'><strong>locum</strong></span> <span class='ocrx_word' id='word_1_113' title='bbox 950 1696 1112 1779; x_wconf 81' lang='lat' dir='ltr'><strong>dignitatIs</strong></span> <span class='ocrx_word' id='word_1_114' title='bbox 1128 1696 1219 1761; x_wconf 86' lang='lat' dir='ltr'><strong>Remi</strong></span> <span class='ocrx_word' id='word_1_115' title='bbox 1234 1698 1412 1764; x_wconf 88' lang='lat' dir='ltr'><strong>obtinerent.</strong></span> 
     </span>
    </p>

    <p class='ocr_par' dir='ltr' id='par_1_6' title="bbox 229 1800 1454 2095">
     <span class='ocr_line' id='line_1_16' title="bbox 229 1800 1454 1885; baseline 0 -21"><span class='ocrx_word' id='word_1_116' title='bbox 229 1814 243 1864; x_wconf 93' lang='lat'>1</span> <span class='ocrx_word' id='word_1_117' title='bbox 340 1834 342 1837; x_wconf 96' lang='lat'>·</span> <span class='ocrx_word' id='word_1_118' title='bbox 356 1808 406 1870; x_wconf 91' lang='lat'><strong>13.</strong></span> <span class='ocrx_word' id='word_1_119' title='bbox 430 1803 466 1866; x_wconf 96' lang='lat' dir='ltr'><strong>ln</strong></span> <span class='ocrx_word' id='word_1_120' title='bbox 482 1803 566 1869; x_wconf 89' lang='lat' dir='ltr'><strong>omni</strong></span> <span class='ocrx_word' id='word_1_121' title='bbox 583 1800 687 1868; x_wconf 86' lang='lat' dir='ltr'><strong>Gallia</strong></span> <span class='ocrx_word' id='word_1_122' title='bbox 702 1820 810 1867; x_wconf 89' lang='lat' dir='ltr'><strong>eorum</strong></span> <span class='ocrx_word' id='word_1_123' title='bbox 826 1802 996 1884; x_wconf 90' lang='lat' dir='ltr'><strong>hominum,</strong></span> <span class='ocrx_word' id='word_1_124' title='bbox 1015 1804 1068 1884; x_wconf 90' lang='lat' dir='ltr'><strong>qui</strong></span> <span class='ocrx_word' id='word_1_125' title='bbox 1084 1803 1190 1885; x_wconf 88' lang='lat' dir='ltr'><strong>aliquo</strong></span> <span class='ocrx_word' id='word_1_126' title='bbox 1204 1809 1282 1868; x_wconf 92' lang='lat' dir='ltr'><strong>sunt</strong></span> <span class='ocrx_word' id='word_1_127' title='bbox 1298 1819 1413 1868; x_wconf 89' lang='lat' dir='ltr'><strong>numero</strong></span> <span class='ocrx_word' id='word_1_128' title='bbox 1453 1815 1454 1856; x_wconf 67' lang='lat' dir='ltr'><strong>i</strong></span> 
     </span>
     <span class='ocr_line' id='line_1_17' title="bbox 264 1907 1454 2002; baseline -0.003 -28"><span class='ocrx_word' id='word_1_129' title='bbox 264 1913 359 1992; x_wconf 84' lang='lat' dir='ltr'><strong>atque</strong></span> <span class='ocrx_word' id='word_1_130' title='bbox 382 1908 510 1988; x_wconf 90' lang='lat' dir='ltr'><strong>honora,</strong></span> <span class='ocrx_word' id='word_1_131' title='bbox 536 1927 654 1990; x_wconf 88' lang='lat' dir='ltr'><strong>genera</strong></span> <span class='ocrx_word' id='word_1_132' title='bbox 677 1912 752 1973; x_wconf 90' lang='lat' dir='ltr'><strong>sunt</strong></span> <span class='ocrx_word' id='word_1_133' title='bbox 775 1909 847 1973; x_wconf 90' lang='lat' dir='ltr'><strong>dno.</strong></span> <span class='ocrx_word' id='word_1_134' title='bbox 892 1907 973 1974; x_wconf 89' lang='lat' dir='ltr'><strong>Nam</strong></span> <span class='ocrx_word' id='word_1_135' title='bbox 995 1909 1105 1989; x_wconf 88' lang='lat' dir='ltr'><strong>plebes</strong></span> <span class='ocrx_word' id='word_1_136' title='bbox 1132 1927 1233 1989; x_wconf 89' lang='lat' dir='ltr'><strong>paene</strong></span> <span class='ocrx_word' id='word_1_137' title='bbox 1263 1925 1413 1976; x_wconf 88' lang='lat' dir='ltr'><strong>servorum</strong></span> <span class='ocrx_word' id='word_1_138' title='bbox 1453 1969 1454 2002; x_wconf 14' lang='grc' dir='ltr'>ξ</span> 
     </span>
     <span class='ocr_line' id='line_1_18' title="bbox 264 2009 1454 2095; baseline -0.003 -16"><span class='ocrx_word' id='word_1_139' title='bbox 264 2015 401 2081; x_wconf 89' lang='lat' dir='ltr'><strong>habetur</strong></span> <span class='ocrx_word' id='word_1_140' title='bbox 422 2015 502 2094; x_wconf 91' lang='lat' dir='ltr'><strong>loco,</strong></span> <span class='ocrx_word' id='word_1_141' title='bbox 526 2031 608 2095; x_wconf 86' lang='lat' dir='ltr'><strong>quae</strong></span> <span class='ocrx_word' id='word_1_142' title='bbox 631 2013 709 2080; x_wconf 88' lang='lat' dir='ltr'><strong>nihil</strong></span> <span class='ocrx_word' id='word_1_143' title='bbox 733 2013 831 2079; x_wconf 88' lang='lat' dir='ltr'><strong>audet</strong></span> <span class='ocrx_word' id='word_1_144' title='bbox 847 2032 902 2095; x_wconf 91' lang='lat' dir='ltr'><strong>per</strong></span> <span class='ocrx_word' id='word_1_145' title='bbox 918 2031 961 2094; x_wconf 91' lang='lat' dir='ltr'><strong>se,</strong></span> <span class='ocrx_word' id='word_1_146' title='bbox 985 2012 1071 2079; x_wconf 91' lang='lat' dir='ltr'><strong>nullo</strong></span> <span class='ocrx_word' id='word_1_147' title='bbox 1093 2013 1263 2081; x_wconf 86' lang='lat' dir='ltr'><strong>adhibetur</strong></span> <span class='ocrx_word' id='word_1_148' title='bbox 1289 2012 1411 2081; x_wconf 81' lang='lat' dir='ltr'><strong>consilo.</strong></span> <span class='ocrx_word' id='word_1_149' title='bbox 1453 2009 1454 2018; x_wconf 46' lang='lat'><strong>³</strong></span> 
     </span>
    </p>

    <p class='ocr_par' dir='ltr' id='par_1_7' title="bbox 227 2056 1454 2202">
     <span class='ocr_line' id='line_1_19' title="bbox 227 2118 1411 2202; baseline -0.002 -22"><span class='ocrx_word' id='word_1_150' title='bbox 227 2130 246 2180; x_wconf 85' lang='lat'><strong>2</strong></span> <span class='ocrx_word' id='word_1_151' title='bbox 264 2122 418 2202; x_wconf 89' lang='lat' dir='ltr'><strong>Plerique,</strong></span> <span class='ocrx_word' id='word_1_152' title='bbox 439 2138 514 2185; x_wconf 90' lang='lat' dir='ltr'><strong>cum</strong></span> <span class='ocrx_word' id='word_1_153' title='bbox 537 2125 593 2185; x_wconf 90' lang='lat' dir='ltr'><strong>aut</strong></span> <span class='ocrx_word' id='word_1_154' title='bbox 615 2138 689 2185; x_wconf 88' lang='lat' dir='ltr'><strong>aare</strong></span> <span class='ocrx_word' id='word_1_155' title='bbox 711 2118 815 2186; x_wconf 87' lang='lat' dir='ltr'><strong>allano</strong></span> <span class='ocrx_word' id='word_1_156' title='bbox 837 2125 893 2184; x_wconf 90' lang='lat' dir='ltr'><strong>aut</strong></span> <span class='ocrx_word' id='word_1_157' title='bbox 917 2119 1133 2202; x_wconf 89' lang='lat' dir='ltr'><strong>magnitudine</strong></span> <span class='ocrx_word' id='word_1_158' title='bbox 1156 2120 1350 2186; x_wconf 90' lang='lat' dir='ltr'><strong>tributorum</strong></span> <span class='ocrx_word' id='word_1_159' title='bbox 1370 2121 1411 2182; x_wconf 92' lang='lat' dir='ltr'><strong>aut</strong></span> 
     </span>
    </p>

    <p class='ocr_par' dir='ltr' id='par_1_8' title="bbox 219 2179 1454 2414">
     <span class='ocr_line' id='line_1_20' title="bbox 219 2222 1407 2308; baseline -0.006 -16"><span class='ocrx_word' id='word_1_160' title='bbox 219 2267 223 2271; x_wconf 62' lang='grc'><strong>«</strong></span> <span class='ocrx_word' id='word_1_161' title='bbox 264 2227 380 2293; x_wconf 85' lang='lat' dir='ltr'><strong>iniuria</strong></span> <span class='ocrx_word' id='word_1_162' title='bbox 402 2227 615 2306; x_wconf 89' lang='lat' dir='ltr'><strong>potentiorum</strong></span> <span class='ocrx_word' id='word_1_163' title='bbox 638 2231 835 2308; x_wconf 88' lang='lat' dir='ltr'><strong>premuntur,</strong></span> <span class='ocrx_word' id='word_1_164' title='bbox 860 2242 929 2290; x_wconf 90' lang='lat' dir='ltr'><strong>sese</strong></span> <span class='ocrx_word' id='word_1_165' title='bbox 952 2225 985 2289; x_wconf 93' lang='lat' dir='ltr'><strong>iu</strong></span> <span class='ocrx_word' id='word_1_166' title='bbox 1007 2225 1194 2291; x_wconf 88' lang='lat' dir='ltr'><strong>servitutem</strong></span> <span class='ocrx_word' id='word_1_167' title='bbox 1219 2225 1328 2292; x_wconf 91' lang='lat' dir='ltr'><strong>dicant</strong></span> <span class='ocrx_word' id='word_1_168' title='bbox 1343 2222 1407 2290; x_wconf 90' lang='lat' dir='ltr'><strong>nohi-</strong></span> 
     </span>
     <span class='ocr_line' id='line_1_21' title="bbox 264 2327 1454 2414; baseline -0.007 -15"><span class='ocrx_word' id='word_1_169' title='bbox 264 2333 356 2412; x_wconf 86' lang='lat' dir='ltr'><strong>libna,</strong></span> <span class='ocrx_word' id='word_1_170' title='bbox 386 2330 500 2413; x_wconf 88' lang='lat' dir='ltr'><strong>quihus</strong></span> <span class='ocrx_word' id='word_1_171' title='bbox 513 2331 555 2396; x_wconf 86' lang='lat' dir='ltr'><strong>in</strong></span> <span class='ocrx_word' id='word_1_172' title='bbox 577 2329 635 2397; x_wconf 92' lang='lat' dir='ltr'><strong>hos</strong></span> <span class='ocrx_word' id='word_1_173' title='bbox 658 2330 769 2396; x_wconf 91' lang='lat' dir='ltr'><strong>eadem</strong></span> <span class='ocrx_word' id='word_1_174' title='bbox 793 2331 898 2398; x_wconf 90' lang='lat' dir='ltr'><strong>omnia</strong></span> <span class='ocrx_word' id='word_1_175' title='bbox 920 2337 994 2396; x_wconf 91' lang='lat' dir='ltr'><strong>sunt</strong></span> <span class='ocrx_word' id='word_1_176' title='bbox 1022 2330 1102 2412; x_wconf 87' lang='lat' dir='ltr'><strong>iura,</strong></span> <span class='ocrx_word' id='word_1_177' title='bbox 1133 2349 1214 2414; x_wconf 88' lang='lat' dir='ltr'><strong>quac</strong></span> <span class='ocrx_word' id='word_1_178' title='bbox 1238 2330 1367 2398; x_wconf 89' lang='lat' dir='ltr'><strong>dominis</strong></span> <span class='ocrx_word' id='word_1_179' title='bbox 1382 2327 1404 2391; x_wconf 93' lang='lat' dir='ltr'><strong>in</strong></span> <span class='ocrx_word' id='word_1_180' title='bbox 1453 2335 1454 2372; x_wconf 65' lang='lat' dir='ltr'><strong>t</strong></span> 
     </span>
    </p>
   </div>
   <div class='ocr_carea' id='block_1_4' title="bbox 230 2436 1409 2521">
    <p class='ocr_par' dir='ltr' id='par_1_9' title="bbox 230 2436 1409 2521">
     <span class='ocr_line' id='line_1_22' title="bbox 230 2436 1409 2521; baseline -0.005 -17"><span class='ocrx_word' id='word_1_181' title='bbox 230 2446 383 2505; x_wconf 71' lang='lat' dir='ltr'><strong>tservos.</strong></span> <span class='ocrx_word' id='word_1_182' title='bbox 434 2436 497 2503; x_wconf 86' lang='lat' dir='ltr'><strong>Sed</strong></span> <span class='ocrx_word' id='word_1_183' title='bbox 527 2437 565 2502; x_wconf 91' lang='lat' dir='ltr'><strong>de</strong></span> <span class='ocrx_word' id='word_1_184' title='bbox 594 2437 643 2503; x_wconf 90' lang='lat' dir='ltr'><strong>his</strong></span> <span class='ocrx_word' id='word_1_185' title='bbox 672 2437 796 2503; x_wconf 91' lang='lat' dir='ltr'><strong>duobus</strong></span> <span class='ocrx_word' id='word_1_186' title='bbox 825 2436 994 2521; x_wconf 88' lang='lat' dir='ltr'><strong>generibus</strong></span> <span class='ocrx_word' id='word_1_187' title='bbox 1023 2437 1160 2504; x_wconf 86' lang='lat' dir='ltr'><strong>alterum</strong></span> <span class='ocrx_word' id='word_1_188' title='bbox 1188 2439 1241 2503; x_wconf 91' lang='lat' dir='ltr'><strong>ast</strong></span> <span class='ocrx_word' id='word_1_189' title='bbox 1267 2438 1409 2511; x_wconf 87' lang='lat' dir='ltr'><strong>druidum,</strong></span> 
     </span>
    </p>
   </div>
   <div class='ocr_carea' id='block_1_5' title="bbox 210 2620 1454 3347">
    <p class='ocr_par' dir='ltr' id='par_1_10' title="bbox 210 2620 1454 3347">
     <span class='ocr_line' id='line_1_23' title="bbox 248 2620 1454 2715; baseline -0.005 -12"><span class='ocrx_word' id='word_1_190' title='bbox 248 2652 272 2705; x_wconf 88' lang='lat'><strong>6.</strong></span> <span class='ocrx_word' id='word_1_191' title='bbox 291 2648 420 2702; x_wconf 77' lang='lat' dir='ltr'><strong>Adventu</strong></span> <span class='ocrx_word' id='word_1_192' title='bbox 440 2646 579 2715; x_wconf 77' lang='lat' dir='ltr'><strong>Caesaris,</strong></span> <span class='ocrx_word' id='word_1_193' title='bbox 603 2647 792 2703; x_wconf 83' lang='lat' dir='ltr'><strong>vornahmlich</strong></span> <span class='ocrx_word' id='word_1_194' title='bbox 846 2646 989 2714; x_wconf 80' lang='lat' dir='ltr'><strong>dicebaut,</strong></span> <span class='ocrx_word' id='word_1_195' title='bbox 1017 2647 1104 2702; x_wconf 85' lang='lat' dir='ltr'><strong>durch</strong></span> <span class='ocrx_word' id='word_1_196' title='bbox 1130 2648 1190 2703; x_wconf 89' lang='lat' dir='ltr'><strong>cine</strong></span> <span class='ocrx_word' id='word_1_197' title='bbox 1213 2647 1357 2705; x_wconf 83' lang='lat' dir='ltr'><strong>Ieierliche</strong></span> <span class='ocrx_word' id='word_1_198' title='bbox 1373 2642 1411 2697; x_wconf 84' lang='lat' dir='ltr'><strong>Er·</strong></span> <span class='ocrx_word' id='word_1_199' title='bbox 1453 2620 1454 2685; x_wconf 61' lang='lat' dir='ltr'><strong>l</strong></span> 
     </span>
     <span class='ocr_line' id='line_1_24' title="bbox 213 2731 1412 2806; baseline -0.007 -14"><span class='ocrx_word' id='word_1_200' title='bbox 213 2737 300 2793; x_wconf 89' lang='lat' dir='ltr'><strong>durch</strong></span> <span class='ocrx_word' id='word_1_201' title='bbox 312 2737 409 2791; x_wconf 88' lang='lat' dir='ltr'><strong>seinen</strong></span> <span class='ocrx_word' id='word_1_202' title='bbox 419 2735 482 2804; x_wconf 86' lang='lat' dir='ltr'><strong>Sieg</strong></span> <span class='ocrx_word' id='word_1_203' title='bbox 496 2735 563 2790; x_wconf 79' lang='lat' dir='ltr'><strong>iiber</strong></span> <span class='ocrx_word' id='word_1_204' title='bbox 572 2735 704 2801; x_wconf 82' lang='lat' dir='ltr'><strong>Arioriat,</strong></span> <span class='ocrx_word' id='word_1_205' title='bbox 713 2750 738 2789; x_wconf 88' lang='lat' dir='ltr'><strong>a.</strong></span> <span class='ocrx_word' id='word_1_206' title='bbox 749 2737 791 2801; x_wconf 71' lang='grc'><strong>58,</strong></span> <span class='ocrx_word' id='word_1_207' title='bbox 845 2736 963 2803; x_wconf 82' lang='lat' dir='ltr'><strong>klarung</strong></span> <span class='ocrx_word' id='word_1_208' title='bbox 983 2736 1041 2791; x_wconf 90' lang='lat' dir='ltr'><strong>sich</strong></span> <span class='ocrx_word' id='word_1_209' title='bbox 1059 2736 1088 2789; x_wconf 90' lang='lat' dir='ltr'><strong>in</strong></span> <span class='ocrx_word' id='word_1_210' title='bbox 1101 2734 1154 2790; x_wconf 92' lang='lat' dir='ltr'><strong>den</strong></span> <span class='ocrx_word' id='word_1_211' title='bbox 1167 2734 1267 2791; x_wconf 83' lang='lat' dir='ltr'><strong>Schutz</strong></span> <span class='ocrx_word' id='word_1_212' title='bbox 1283 2731 1412 2806; x_wconf 81' lang='lat' dir='ltr'><strong>jemandes</strong></span> 
     </span>
     <span class='ocr_line' id='line_1_25' title="bbox 211 2822 955 2893; baseline -0.005 -12"><span class='ocrx_word' id='word_1_213' title='bbox 211 2825 332 2881; x_wconf 84' lang='lat' dir='ltr'><strong>walchen</strong></span> <span class='ocrx_word' id='word_1_214' title='bbox 351 2824 380 2882; x_wconf 85' lang='lat' dir='ltr'><strong>G.</strong></span> <span class='ocrx_word' id='word_1_215' title='bbox 397 2825 459 2879; x_wconf 90' lang='lat' dir='ltr'><strong>hier</strong></span> <span class='ocrx_word' id='word_1_216' title='bbox 478 2823 620 2893; x_wconf 82' lang='lat' dir='ltr'><strong>desnegen</strong></span> <span class='ocrx_word' id='word_1_217' title='bbox 639 2822 717 2879; x_wconf 89' lang='lat' dir='ltr'><strong>nicht</strong></span> <span class='ocrx_word' id='word_1_218' title='bbox 746 2838 792 2877; x_wconf 93' lang='lat' dir='ltr'><strong>na·</strong></span> <span class='ocrx_word' id='word_1_219' title='bbox 846 2822 955 2879; x_wconf 87' lang='lat' dir='ltr'><strong>stellen.</strong></span> 
     </span>
     <span class='ocr_line' id='line_1_26' title="bbox 211 2910 1384 3016; baseline -0.002 -48"><span class='ocrx_word' id='word_1_220' title='bbox 211 2914 343 2970; x_wconf 82' lang='lat' dir='ltr'><strong>mentHch</strong></span> <span class='ocrx_word' id='word_1_221' title='bbox 362 2912 495 2980; x_wconf 62' lang='lat' dir='ltr'><strong>eruebat,</strong></span> <span class='ocrx_word' id='word_1_222' title='bbox 515 2929 560 2967; x_wconf 90' lang='lat' dir='ltr'><strong>um</strong></span> <span class='ocrx_word' id='word_1_223' title='bbox 578 2912 671 2967; x_wconf 87' lang='lat' dir='ltr'><strong>seinen</strong></span> <span class='ocrx_word' id='word_1_224' title='bbox 692 2910 792 2979; x_wconf 87' lang='lat' dir='ltr'><strong>erfolg·</strong></span> <span class='ocrx_word' id='word_1_225' title='bbox 881 2962 945 3016; x_wconf 80' lang='lat' dir='ltr'><strong>Kap</strong></span> <span class='ocrx_word' id='word_1_226' title='bbox 968 2962 1061 3007; x_wconf 77' lang='lat'>18—14</span> <span class='ocrx_word' id='word_1_227' title='bbox 1097 2962 1203 3007; x_wconf 50' lang='lat' dir='ltr'><strong>munde</strong></span> <span class='ocrx_word' id='word_1_228' title='bbox 1217 2963 1249 3006; x_wconf 84' lang='lat' dir='ltr'><strong>in</strong></span> <span class='ocrx_word' id='word_1_229' title='bbox 1262 2933 1384 3007; x_wconf 73' lang='lat' dir='ltr'><strong>Gallica·</strong></span> 
     </span>
     <span class='ocr_line' id='line_1_27' title="bbox 210 2987 1454 3077; baseline -0.001 -22"><span class='ocrx_word' id='word_1_230' title='bbox 210 3002 289 3058; x_wconf 88' lang='lat' dir='ltr'><strong>losen</strong></span> <span class='ocrx_word' id='word_1_231' title='bbox 306 3002 367 3071; x_wconf 84' lang='lat' dir='ltr'><strong>Zug</strong></span> <span class='ocrx_word' id='word_1_232' title='bbox 394 3017 481 3070; x_wconf 82' lang='lat' dir='ltr'><strong>gagen</strong></span> <span class='ocrx_word' id='word_1_233' title='bbox 505 3000 549 3055; x_wconf 89' lang='lat' dir='ltr'><strong>die</strong></span> <span class='ocrx_word' id='word_1_234' title='bbox 573 3000 680 3055; x_wconf 71' lang='lat' dir='ltr'><strong>Sueten</strong></span> <span class='ocrx_word' id='word_1_235' title='bbox 707 2998 793 3053; x_wconf 88' lang='lat' dir='ltr'><strong>durch</strong></span> <span class='ocrx_word' id='word_1_236' title='bbox 947 2992 954 3008; x_wconf 81' lang='grc'><strong><em>’</em></strong></span> <span class='ocrx_word' id='word_1_237' title='bbox 1038 2992 1087 3077; x_wconf 48' lang='lat' dir='ltr'><strong>die</strong></span> <span class='ocrx_word' id='word_1_238' title='bbox 1100 3032 1235 3077; x_wconf 66' lang='lat' dir='ltr'><strong>Diuidam.</strong></span> <span class='ocrx_word' id='word_1_239' title='bbox 1379 2987 1385 3009; x_wconf 79' lang='lat'><strong><em>⁹</em></strong></span> <span class='ocrx_word' id='word_1_240' title='bbox 1453 3054 1454 3065; x_wconf 64' lang='lat'><strong>,</strong></span> 
     </span>
     <span class='ocr_line' id='line_1_28' title="bbox 212 3072 1454 3173; baseline -0.002 -28"><span class='ocrx_word' id='word_1_241' title='bbox 212 3086 794 3159; x_wconf 81' lang='lat' dir='ltr'><strong>dieHrInnerungauseinenfrllhcrenSieg</strong></span> <span class='ocrx_word' id='word_1_242' title='bbox 882 3104 928 3160; x_wconf 68' lang='lat'><strong>13,</strong></span> <span class='ocrx_word' id='word_1_243' title='bbox 967 3108 990 3159; x_wconf 54' lang='lat'><strong>1,</strong></span> <span class='ocrx_word' id='word_1_244' title='bbox 1009 3120 1120 3161; x_wconf 60' lang='lat' dir='ltr'><strong>,mmm</strong></span> <span class='ocrx_word' id='word_1_245' title='bbox 1144 3104 1339 3173; x_wconf 51' lang='lat' dir='ltr'><strong>„gedeugunffi</strong></span> <span class='ocrx_word' id='word_1_246' title='bbox 1362 3095 1412 3153; x_wconf 69' lang='lat' dir='ltr'><strong>gel·</strong></span> <span class='ocrx_word' id='word_1_247' title='bbox 1453 3072 1454 3105; x_wconf 58' lang='lat'>¹</span> 
     </span>
     <span class='ocr_line' id='line_1_29' title="bbox 211 3166 1454 3260; baseline -0.001 -28"><span class='ocrx_word' id='word_1_248' title='bbox 211 3179 279 3234; x_wconf 82' lang='lat' dir='ltr'><strong>tiber</strong></span> <span class='ocrx_word' id='word_1_249' title='bbox 300 3177 425 3233; x_wconf 87' lang='lat' dir='ltr'><strong>dasselba</strong></span> <span class='ocrx_word' id='word_1_250' title='bbox 444 3177 517 3231; x_wconf 88' lang='lat' dir='ltr'><strong>Volk</strong></span> <span class='ocrx_word' id='word_1_251' title='bbox 538 3178 614 3233; x_wconf 91' lang='lat' dir='ltr'><strong>nicht</strong></span> <span class='ocrx_word' id='word_1_252' title='bbox 632 3176 704 3232; x_wconf 93' lang='lat' dir='ltr'><strong>noch</strong></span> <span class='ocrx_word' id='word_1_253' title='bbox 722 3174 794 3230; x_wconf 86' lang='lat' dir='ltr'><strong>fuhl-</strong></span> <span class='ocrx_word' id='word_1_254' title='bbox 846 3190 941 3259; x_wconf 44' lang='lat' dir='ltr'><strong>punge·</strong></span> <span class='ocrx_word' id='word_1_255' title='bbox 956 3220 989 3231; x_wconf 88' lang='lat'><strong>..</strong></span> <span class='ocrx_word' id='word_1_256' title='bbox 1003 3192 1086 3247; x_wconf 60' lang='lat' dir='ltr'><strong>auggg</strong></span> <span class='ocrx_word' id='word_1_257' title='bbox 1102 3208 1213 3260; x_wconf 52' lang='lat' dir='ltr'><strong>„gagen</strong></span> <span class='ocrx_word' id='word_1_258' title='bbox 1230 3190 1310 3247; x_wconf 65' lang='lat' dir='ltr'><strong>garg«</strong></span> <span class='ocrx_word' id='word_1_259' title='bbox 1325 3187 1412 3251; x_wconf 69' lang='lat' dir='ltr'><strong>infoige</strong></span> <span class='ocrx_word' id='word_1_260' title='bbox 1453 3166 1454 3195; x_wconf 75' lang='lat'>³</span> 
     </span>
     <span class='ocr_line' id='line_1_30' title="bbox 211 3264 1454 3347; baseline -0.001 -17"><span class='ocrx_word' id='word_1_261' title='bbox 211 3266 294 3321; x_wconf 62' lang='lat' dir='ltr'>bare?</span> <span class='ocrx_word' id='word_1_262' title='bbox 317 3283 353 3319; x_wconf 75' lang='lat'><strong>2¹1</strong></span> <span class='ocrx_word' id='word_1_263' title='bbox 371 3266 494 3319; x_wconf 59' lang='lat' dir='ltr'><strong>macheu·</strong></span> <span class='ocrx_word' id='word_1_264' title='bbox 519 3295 551 3302; x_wconf 68' lang='grc'><em>“</em></span> <span class='ocrx_word' id='word_1_265' title='bbox 574 3264 733 3332; x_wconf 59' lang='lat' dir='ltr'><strong>imperium,</strong></span> <span class='ocrx_word' id='word_1_266' title='bbox 756 3264 793 3316; x_wconf 66' lang='lat' dir='ltr'><strong>im</strong></span> <span class='ocrx_word' id='word_1_267' title='bbox 846 3280 922 3333; x_wconf 81' lang='lat' dir='ltr'><strong>ihrer</strong></span> <span class='ocrx_word' id='word_1_268' title='bbox 940 3278 1153 3347; x_wconf 84' lang='lat' dir='ltr'><strong>Ahh&#39;angigkeit.</strong></span> <span class='ocrx_word' id='word_1_269' title='bbox 1174 3310 1203 3319; x_wconf 93' lang='lat'>-</span> <span class='ocrx_word' id='word_1_270' title='bbox 1224 3278 1313 3343; x_wconf 80' lang='lat' dir='ltr'><strong>mullo,</strong></span> <span class='ocrx_word' id='word_1_271' title='bbox 1340 3276 1412 3331; x_wconf 77' lang='lat' dir='ltr'><strong>alere</strong></span> <span class='ocrx_word' id='word_1_272' title='bbox 1453 3264 1454 3269; x_wconf 8' lang='grc' dir='ltr'>ἵ</span> 
     </span>
    </p>
   </div>
   <div class='ocr_carea' id='block_1_6' title="bbox 212 3352 1411 3511">
    <p class='ocr_par' dir='ltr' id='par_1_11' title="bbox 212 3352 1411 3511">
     <span class='ocr_line' id='line_1_31' title="bbox 213 3352 1411 3434; baseline -0.009 -26"><span class='ocrx_word' id='word_1_273' title='bbox 213 3354 401 3421; x_wconf 87' lang='lat' dir='ltr'><strong>passivischen</strong></span> <span class='ocrx_word' id='word_1_274' title='bbox 421 3353 511 3407; x_wconf 90' lang='lat' dir='ltr'><strong>Sinne.</strong></span> <span class='ocrx_word' id='word_1_275' title='bbox 531 3382 562 3391; x_wconf 88' lang='lat'>-</span> <span class='ocrx_word' id='word_1_276' title='bbox 582 3352 696 3421; x_wconf 77' lang='lat' dir='ltr'><strong>reliquia</strong></span> <span class='ocrx_word' id='word_1_277' title='bbox 713 3352 793 3405; x_wconf 80' lang='lat' dir='ltr'><strong>rebus</strong></span> <span class='ocrx_word' id='word_1_278' title='bbox 846 3368 929 3422; x_wconf 54' lang='lat' dir='ltr'><strong>popm</strong></span> <span class='ocrx_word' id='word_1_279' title='bbox 948 3368 997 3425; x_wconf 65' lang='lat' dir='ltr'><strong>ges</strong></span> <span class='ocrx_word' id='word_1_280' title='bbox 1013 3368 1121 3434; x_wconf 50' lang='lat' dir='ltr'><strong>pativs,</strong></span> <span class='ocrx_word' id='word_1_281' title='bbox 1140 3367 1174 3422; x_wconf 33' lang='lat' dir='ltr'><strong>cf·</strong></span> <span class='ocrx_word' id='word_1_282' title='bbox 1188 3368 1219 3422; x_wconf 36' lang='lat' dir='ltr'><strong>v,</strong></span> <span class='ocrx_word' id='word_1_283' title='bbox 1239 3371 1281 3421; x_wconf 46' lang='lat'><strong>27·</strong></span> <span class='ocrx_word' id='word_1_284' title='bbox 1300 3369 1328 3433; x_wconf 46' lang='lat'><strong>5,</strong></span> <span class='ocrx_word' id='word_1_285' title='bbox 1346 3359 1411 3419; x_wconf 67' lang='lat' dir='ltr'><strong>wop,</strong></span> 
     </span>
     <span class='ocr_line' id='line_1_32' title="bbox 212 3437 1224 3511; baseline -0.008 -16"><span class='ocrx_word' id='word_1_286' title='bbox 212 3443 258 3510; x_wconf 85' lang='lat' dir='ltr'><strong>„in</strong></span> <span class='ocrx_word' id='word_1_287' title='bbox 277 3441 328 3495; x_wconf 86' lang='lat' dir='ltr'><strong>den</strong></span> <span class='ocrx_word' id='word_1_288' title='bbox 347 3441 460 3509; x_wconf 86' lang='lat' dir='ltr'><strong>dhrigen</strong></span> <span class='ocrx_word' id='word_1_289' title='bbox 473 3438 693 3506; x_wconf 83' lang='lat' dir='ltr'><strong>Beziehungen“‚</strong></span> <span class='ocrx_word' id='word_1_290' title='bbox 711 3438 745 3493; x_wconf 86' lang='lat' dir='ltr'><strong>cl.</strong></span> <span class='ocrx_word' id='word_1_291' title='bbox 759 3437 792 3491; x_wconf 89' lang='lat' dir='ltr'><strong>V.</strong></span> <span class='ocrx_word' id='word_1_292' title='bbox 846 3455 898 3510; x_wconf 66' lang='lat' dir='ltr'><strong>gen</strong></span> <span class='ocrx_word' id='word_1_293' title='bbox 918 3456 1001 3510; x_wconf 61' lang='lat' dir='ltr'><strong>nativ</strong></span> <span class='ocrx_word' id='word_1_294' title='bbox 1020 3456 1126 3511; x_wconf 57' lang='lat' dir='ltr'><strong>alterae</strong></span> <span class='ocrx_word' id='word_1_295' title='bbox 1146 3462 1224 3510; x_wconf 43' lang='lat' dir='ltr'><strong>sem·</strong></span> 
     </span>
    </p>
   </div>
   <div class='ocr_carea' id='block_1_7' title="bbox 214 3525 1412 3700">
    <p class='ocr_par' dir='ltr' id='par_1_12' title="bbox 214 3525 1412 3700">
     <span class='ocr_line' id='line_1_33' title="bbox 214 3525 1410 3606; baseline -0.011 -22"><span class='ocrx_word' id='word_1_296' title='bbox 214 3535 237 3584; x_wconf 90' lang='lat' dir='ltr'><strong>l.</strong></span> <span class='ocrx_word' id='word_1_297' title='bbox 263 3532 279 3581; x_wconf 86' lang='lat'><strong>7</strong></span> <span class='ocrx_word' id='word_1_298' title='bbox 308 3529 434 3583; x_wconf 88' lang='lat' dir='ltr'><strong>omnihus</strong></span> <span class='ocrx_word' id='word_1_299' title='bbox 458 3526 621 3582; x_wconf 87' lang='lat' dir='ltr'><strong>rationibus.</strong></span> <span class='ocrx_word' id='word_1_300' title='bbox 640 3556 674 3567; x_wconf 89' lang='lat'>-</span> <span class='ocrx_word' id='word_1_301' title='bbox 696 3525 792 3594; x_wconf 75' lang='lat' dir='ltr'><strong>pacilo</strong></span> <span class='ocrx_word' id='word_1_302' title='bbox 880 3549 904 3599; x_wconf 41' lang='lat'><strong>2·</strong></span> <span class='ocrx_word' id='word_1_303' title='bbox 924 3559 987 3606; x_wconf 65' lang='lat' dir='ltr'><strong>am</strong></span> <span class='ocrx_word' id='word_1_304' title='bbox 1005 3544 1102 3599; x_wconf 41' lang='lat' dir='ltr'><strong><em>alieno·</em></strong></span> <span class='ocrx_word' id='word_1_305' title='bbox 1135 3543 1169 3597; x_wconf 71' lang='lat'><strong>30</strong></span> <span class='ocrx_word' id='word_1_306' title='bbox 1182 3542 1275 3599; x_wconf 61' lang='lat' dir='ltr'>ffihrte</span> <span class='ocrx_word' id='word_1_307' title='bbox 1293 3537 1410 3597; x_wconf 57' lang='lat' dir='ltr'><strong>,uchgp</strong></span> 
     </span>
     <span class='ocr_line' id='line_1_34' title="bbox 214 3614 1412 3700; baseline -0.008 -7"><span class='ocrx_word' id='word_1_308' title='bbox 214 3615 375 3685; x_wconf 66' lang='lat' dir='ltr'><strong>»EiflflUs⁸“·</strong></span> <span class='ocrx_word' id='word_1_309' title='bbox 395 3644 427 3654; x_wconf 83' lang='grc'><em>“</em></span> <span class='ocrx_word' id='word_1_310' title='bbox 447 3614 617 3681; x_wconf 43' lang='lat' dir='ltr'><strong>‘amiseram’</strong></span> <span class='ocrx_word' id='word_1_311' title='bbox 636 3614 791 3669; x_wconf 61' lang='lat' dir='ltr'><strong>nisshlami&#39;</strong></span> <span class='ocrx_word' id='word_1_312' title='bbox 845 3634 953 3700; x_wconf 84' lang='lat' dir='ltr'><strong>getorix</strong></span> <span class='ocrx_word' id='word_1_313' title='bbox 977 3632 1092 3686; x_wconf 89' lang='lat' dir='ltr'><strong>clientes</strong></span> <span class='ocrx_word' id='word_1_314' title='bbox 1121 3632 1325 3698; x_wconf 87' lang='lat' dir='ltr'><strong>obaeratosque</strong></span> <span class='ocrx_word' id='word_1_315' title='bbox 1352 3638 1412 3683; x_wconf 83' lang='lat' dir='ltr'><strong>suos</strong></span> 
     </span>
    </p>
   </div>
   <div class='ocr_carea' id='block_1_8' title="bbox 211 3702 1454 3875">
    <p class='ocr_par' dir='ltr' id='par_1_13' title="bbox 211 3702 1454 3875">
     <span class='ocr_line' id='line_1_35' title="bbox 211 3702 1454 3788; baseline -0.013 -28"><span class='ocrx_word' id='word_1_316' title='bbox 211 3710 317 3771; x_wconf 89' lang='lat' dir='ltr'><strong>serant,</strong></span> <span class='ocrx_word' id='word_1_317' title='bbox 337 3720 382 3757; x_wconf 92' lang='lat' dir='ltr'><strong>nm</strong></span> <span class='ocrx_word' id='word_1_318' title='bbox 401 3703 453 3758; x_wconf 90' lang='lat' dir='ltr'><strong>den</strong></span> <span class='ocrx_word' id='word_1_319' title='bbox 472 3702 566 3771; x_wconf 79' lang='lat' dir='ltr'><strong>geniis</strong></span> <span class='ocrx_word' id='word_1_320' title='bbox 585 3702 662 3757; x_wconf 92' lang='lat' dir='ltr'><strong>nicht</strong></span> <span class='ocrx_word' id='word_1_321' title='bbox 684 3702 792 3771; x_wconf 84' lang='lat' dir='ltr'><strong>gutwil·</strong></span> <span class='ocrx_word' id='word_1_322' title='bbox 845 3736 961 3788; x_wconf 66' lang='lat' dir='ltr'><strong>quorum</strong></span> <span class='ocrx_word' id='word_1_323' title='bbox 985 3735 1112 3787; x_wconf 54' lang='lat' dir='ltr'><strong>magnum</strong></span> <span class='ocrx_word' id='word_1_324' title='bbox 1136 3734 1279 3773; x_wconf 59' lang='lat' dir='ltr'><strong>numerum</strong></span> <span class='ocrx_word' id='word_1_325' title='bbox 1298 3715 1410 3773; x_wconf 53' lang='lat' dir='ltr'>habebat,</span> <span class='ocrx_word' id='word_1_326' title='bbox 1453 3716 1454 3737; x_wconf 70' lang='lat'>2</span> 
     </span>
     <span class='ocr_line' id='line_1_36' title="bbox 212 3786 1454 3875; baseline -0.013 -27"><span class='ocrx_word' id='word_1_327' title='bbox 212 3794 287 3863; x_wconf 87' lang='lat' dir='ltr'><strong>ligen</strong></span> <span class='ocrx_word' id='word_1_328' title='bbox 307 3790 439 3869; x_wconf 79' lang='lat' dir='ltr'><strong>Verzicht</strong></span> <span class='ocrx_word' id='word_1_329' title='bbox 458 3789 658 3857; x_wconf 86' lang='lat' dir='ltr'><strong>dchequaner</strong></span> <span class='ocrx_word' id='word_1_330' title='bbox 677 3788 792 3844; x_wconf 77' lang='lat' dir='ltr'><strong>auidas</strong></span> <span class='ocrx_word' id='word_1_331' title='bbox 846 3825 906 3863; x_wconf 67' lang='lat' dir='ltr'><strong>zum</strong></span> <span class='ocrx_word' id='word_1_332' title='bbox 925 3808 1047 3875; x_wconf 52' lang='lat' dir='ltr'><strong>geriem,</strong></span> <span class='ocrx_word' id='word_1_333' title='bbox 1066 3807 1101 3863; x_wconf 42' lang='lat' dir='ltr'><strong>cf·</strong></span> <span class='ocrx_word' id='word_1_334' title='bbox 1120 3806 1142 3860; x_wconf 43' lang='grc' dir='ltr'><strong>Ι.</strong></span> <span class='ocrx_word' id='word_1_335' title='bbox 1161 3810 1186 3861; x_wconf 74' lang='lat'><strong>4⁸</strong></span> <span class='ocrx_word' id='word_1_336' title='bbox 1206 3810 1231 3860; x_wconf 82' lang='lat'><strong>2¹</strong></span> <span class='ocrx_word' id='word_1_337' title='bbox 1350 3843 1352 3849; x_wconf 44' lang='grc'>,</span> <span class='ocrx_word' id='word_1_338' title='bbox 1453 3786 1454 3847; x_wconf 81' lang='lat' dir='ltr'><strong>l</strong></span> 
     </span>
    </p>
   </div>
   <div class='ocr_carea' id='block_1_9' title="bbox 213 3876 1454 4055">
    <p class='ocr_par' dir='ltr' id='par_1_14' title="bbox 213 3876 1454 4057">
     <span class='ocr_line' id='line_1_37' title="bbox 213 3876 1454 3956; baseline -0.004 -22"><span class='ocrx_word' id='word_1_339' title='bbox 213 3877 581 3949; x_wconf 85' lang='lat' dir='ltr'><strong>PrIncipatanszudriickcn,</strong></span> <span class='ocrx_word' id='word_1_340' title='bbox 594 3877 628 3931; x_wconf 86' lang='lat' dir='ltr'><strong>cl.</strong></span> <span class='ocrx_word' id='word_1_341' title='bbox 642 3877 715 3932; x_wconf 87' lang='lat' dir='ltr'><strong>VIII.</strong></span> <span class='ocrx_word' id='word_1_342' title='bbox 729 3880 753 3931; x_wconf 80' lang='lat'><strong>5.</strong></span> <span class='ocrx_word' id='word_1_343' title='bbox 769 3881 792 3930; x_wconf 90' lang='lat' dir='ltr'><strong>l.</strong></span> <span class='ocrx_word' id='word_1_344' title='bbox 884 3900 908 3951; x_wconf 47' lang='lat'><strong>3·</strong></span> <span class='ocrx_word' id='word_1_345' title='bbox 929 3894 982 3951; x_wconf 62' lang='lat' dir='ltr'><strong>geg</strong></span> <span class='ocrx_word' id='word_1_346' title='bbox 1000 3896 1096 3950; x_wconf 64' lang='lat' dir='ltr'><strong>„imm</strong></span> <span class='ocrx_word' id='word_1_347' title='bbox 1114 3895 1186 3949; x_wconf 58' lang='lat' dir='ltr'><strong>„ach</strong></span> <span class='ocrx_word' id='word_1_348' title='bbox 1204 3894 1253 3949; x_wconf 59' lang='lat' dir='ltr'>del.</span> <span class='ocrx_word' id='word_1_349' title='bbox 1265 3890 1410 3956; x_wconf 61' lang='lat' dir='ltr'><strong>bejpgufigen</strong></span> <span class='ocrx_word' id='word_1_350' title='bbox 1453 3876 1454 3911; x_wconf 42' lang='grc' dir='ltr'><strong>ἑ</strong></span> 
     </span>
     <span class='ocr_line' id='line_1_38' title="bbox 248 3962 1411 4055; baseline -0.009 -15"><span class='ocrx_word' id='word_1_351' title='bbox 248 3990 273 4042; x_wconf 84' lang='lat' dir='ltr'><strong>i.</strong></span> <span class='ocrx_word' id='word_1_352' title='bbox 292 4001 361 4055; x_wconf 74' lang='lat' dir='ltr'><strong>quoa</strong></span> <span class='ocrx_word' id='word_1_353' title='bbox 378 3986 417 4043; x_wconf 91' lang='lat' dir='ltr'><strong>ist</strong></span> <span class='ocrx_word' id='word_1_354' title='bbox 436 3985 485 4040; x_wconf 90' lang='lat' dir='ltr'><strong>das</strong></span> <span class='ocrx_word' id='word_1_355' title='bbox 498 3962 572 4054; x_wconf 84' lang='lat' dir='ltr'><strong>Subj.</strong></span> <span class='ocrx_word' id='word_1_356' title='bbox 593 3984 641 4039; x_wconf 88' lang='lat' dir='ltr'><strong>des</strong></span> <span class='ocrx_word' id='word_1_357' title='bbox 661 4000 714 4037; x_wconf 85' lang='lat' dir='ltr'><strong>von</strong></span> <span class='ocrx_word' id='word_1_358' title='bbox 734 3983 794 4039; x_wconf 91' lang='lat' dir='ltr'><strong>dem</strong></span> <span class='ocrx_word' id='word_1_359' title='bbox 848 3984 1026 4051; x_wconf 79' lang='lat' dir='ltr'><strong>Erwdhnung</strong></span> <span class='ocrx_word' id='word_1_360' title='bbox 1040 3983 1087 4037; x_wconf 87' lang='lat' dir='ltr'><strong>der</strong></span> <span class='ocrx_word' id='word_1_361' title='bbox 1100 3982 1177 4051; x_wconf 88' lang='lat' dir='ltr'><strong>plebs</strong></span> <span class='ocrx_word' id='word_1_362' title='bbox 1191 3982 1236 4037; x_wconf 90' lang='lat' dir='ltr'><strong>die</strong></span> <span class='ocrx_word' id='word_1_363' title='bbox 1247 3981 1411 4039; x_wconf 83' lang='lat' dir='ltr'><strong>Schilderung</strong></span> 
     </span>
    </p>
   </div>
   <div class='ocr_carea' id='block_1_10' title="bbox 212 4058 1454 4231">
    <p class='ocr_par' dir='ltr' id='par_1_15' title="bbox 212 4058 1454 4231">
     <span class='ocr_line' id='line_1_39' title="bbox 213 4058 1454 4143; baseline -0.006 -14"><span class='ocrx_word' id='word_1_364' title='bbox 213 4073 445 4143; x_wconf 82' lang='lat' dir='ltr'><strong>unpersdnlichen</strong></span> <span class='ocrx_word' id='word_1_365' title='bbox 462 4073 674 4141; x_wconf 88' lang='lat' dir='ltr'><strong>intellegebatur</strong></span> <span class='ocrx_word' id='word_1_366' title='bbox 692 4071 795 4126; x_wconf 75' lang='lat' dir='ltr'><strong>abhan-</strong></span> <span class='ocrx_word' id='word_1_367' title='bbox 849 4072 897 4127; x_wconf 88' lang='lat' dir='ltr'><strong>des</strong></span> <span class='ocrx_word' id='word_1_368' title='bbox 923 4070 1222 4140; x_wconf 88' lang='lat' dir='ltr'><strong>Hauptgegenstandes</strong></span> <span class='ocrx_word' id='word_1_369' title='bbox 1248 4070 1346 4125; x_wconf 84' lang='lat' dir='ltr'><strong>wieder</strong></span> <span class='ocrx_word' id='word_1_370' title='bbox 1369 4059 1411 4121; x_wconf 83' lang='lat' dir='ltr'><strong>aus·</strong></span> <span class='ocrx_word' id='word_1_371' title='bbox 1453 4058 1454 4131; x_wconf 61' lang='grc' dir='ltr'>ζ</span> 
     </span>
     <span class='ocr_line' id='line_1_40' title="bbox 212 4157 1454 4231; baseline -0.008 -14"><span class='ocrx_word' id='word_1_372' title='bbox 212 4164 294 4231; x_wconf 88' lang='lat' dir='ltr'><strong>gigen</strong></span> <span class='ocrx_word' id='word_1_373' title='bbox 312 4163 377 4217; x_wconf 81' lang='lat' dir='ltr'><strong>Aac.</strong></span> <span class='ocrx_word' id='word_1_374' title='bbox 397 4179 421 4220; x_wconf 87' lang='lat' dir='ltr'><strong>c.</strong></span> <span class='ocrx_word' id='word_1_375' title='bbox 439 4162 501 4229; x_wconf 79' lang='lat' dir='ltr'><strong>Iul,</strong></span> <span class='ocrx_word' id='word_1_376' title='bbox 521 4162 571 4218; x_wconf 86' lang='lat' dir='ltr'><strong>das</strong></span> <span class='ocrx_word' id='word_1_377' title='bbox 584 4160 645 4230; x_wconf 83' lang='lat' dir='ltr'><strong>obj.</strong></span> <span class='ocrx_word' id='word_1_378' title='bbox 664 4159 795 4215; x_wconf 88' lang='lat' dir='ltr'><strong>Haeduos</strong></span> <span class='ocrx_word' id='word_1_379' title='bbox 850 4191 880 4201; x_wconf 92' lang='lat'><em>-</em></span> <span class='ocrx_word' id='word_1_380' title='bbox 913 4160 1028 4215; x_wconf 82' lang='lat' dir='ltr'><strong>alterum</strong></span> <span class='ocrx_word' id='word_1_381' title='bbox 1059 4164 1098 4213; x_wconf 82' lang='lat' dir='ltr'><strong>est</strong></span> <span class='ocrx_word' id='word_1_382' title='bbox 1128 4157 1277 4225; x_wconf 80' lang='lat' dir='ltr'><strong>druidum,</strong></span> <span class='ocrx_word' id='word_1_383' title='bbox 1314 4157 1410 4211; x_wconf 78' lang='lat' dir='ltr'><strong>alcedo</strong></span> <span class='ocrx_word' id='word_1_384' title='bbox 1453 4186 1454 4199; x_wconf 30' lang='grc' dir='ltr'><strong>κ</strong></span> 
     </span>
    </p>
   </div>
   <div class='ocr_carea' id='block_1_11' title="bbox 106 4238 1409 4317">
    <p class='ocr_par' dir='ltr' id='par_1_16' title="bbox 106 4238 1409 4317">
     <span class='ocr_line' id='line_1_41' title="bbox 106 4238 1409 4317; baseline -0.011 -12"><span class='ocrx_word' id='word_1_385' title='bbox 106 4259 108 4266; x_wconf 87' lang='grc'><strong>“</strong></span> <span class='ocrx_word' id='word_1_386' title='bbox 214 4252 251 4305; x_wconf 90' lang='lat' dir='ltr'><strong>ist</strong></span> <span class='ocrx_word' id='word_1_387' title='bbox 274 4266 324 4306; x_wconf 88' lang='lat' dir='ltr'><strong>aus</strong></span> <span class='ocrx_word' id='word_1_388' title='bbox 351 4250 411 4305; x_wconf 90' lang='lat' dir='ltr'><strong>dem</strong></span> <span class='ocrx_word' id='word_1_389' title='bbox 430 4250 686 4317; x_wconf 86' lang='lat' dir='ltr'><strong>Zusammenhange</strong></span> <span class='ocrx_word' id='word_1_390' title='bbox 710 4248 795 4303; x_wconf 89' lang='lat' dir='ltr'><strong>leicht</strong></span> <span class='ocrx_word' id='word_1_391' title='bbox 848 4248 975 4317; x_wconf 79' lang='lat' dir='ltr'><strong>equitum.</strong></span> <span class='ocrx_word' id='word_1_392' title='bbox 1022 4246 1066 4300; x_wconf 89' lang='lat' dir='ltr'><strong>Da</strong></span> <span class='ocrx_word' id='word_1_393' title='bbox 1097 4246 1167 4300; x_wconf 89' lang='lat' dir='ltr'><strong>nach</strong></span> <span class='ocrx_word' id='word_1_394' title='bbox 1199 4245 1255 4301; x_wconf 81' lang='lat' dir='ltr'><strong>Cic.</strong></span> <span class='ocrx_word' id='word_1_395' title='bbox 1289 4245 1322 4301; x_wconf 92' lang='lat' dir='ltr'><strong>de</strong></span> <span class='ocrx_word' id='word_1_396' title='bbox 1343 4238 1409 4317; x_wconf 81' lang='lat' dir='ltr'><strong>divin.</strong></span> 
     </span>
    </p>
   </div>
   <div class='ocr_carea' id='block_1_12' title="bbox 213 4319 1409 4407">
    <p class='ocr_par' dir='ltr' id='par_1_17' title="bbox 213 4319 1409 4407">
     <span class='ocr_line' id='line_1_42' title="bbox 213 4319 1409 4407; baseline -0.007 -16"><span class='ocrx_word' id='word_1_397' title='bbox 213 4355 248 4394; x_wconf 82' lang='lat' dir='ltr'><strong>uu</strong></span> <span class='ocrx_word' id='word_1_398' title='bbox 266 4344 496 4407; x_wconf 67' lang='lat' dir='ltr'><strong>organum-se</strong></span> <span class='ocrx_word' id='word_1_399' title='bbox 515 4380 522 4393; x_wconf 86' lang='lat'>.</span> <span class='ocrx_word' id='word_1_400' title='bbox 543 4380 549 4393; x_wconf 90' lang='lat'><strong>.</strong></span> <span class='ocrx_word' id='word_1_401' title='bbox 569 4380 575 4393; x_wconf 88' lang='lat'><strong>.</strong></span> <span class='ocrx_word' id='word_1_402' title='bbox 594 4338 625 4391; x_wconf 81' lang='lat' dir='ltr'><strong>iu</strong></span> <span class='ocrx_word' id='word_1_403' title='bbox 646 4336 796 4391; x_wconf 75' lang='lat' dir='ltr'><strong>clleutclmu</strong></span> <span class='ocrx_word' id='word_1_404' title='bbox 848 4337 868 4390; x_wconf 92' lang='lat' dir='ltr'><strong>I.</strong></span> <span class='ocrx_word' id='word_1_405' title='bbox 897 4339 939 4390; x_wconf 83' lang='grc'><strong>41.</strong></span> <span class='ocrx_word' id='word_1_406' title='bbox 967 4338 1001 4389; x_wconf 84' lang='grc'><strong>90</strong></span> <span class='ocrx_word' id='word_1_407' title='bbox 1030 4333 1184 4389; x_wconf 86' lang='lat' dir='ltr'><strong>Diviciacus</strong></span> <span class='ocrx_word' id='word_1_408' title='bbox 1212 4334 1339 4403; x_wconf 87' lang='lat' dir='ltr'><strong>princeps</strong></span> <span class='ocrx_word' id='word_1_409' title='bbox 1366 4319 1409 4383; x_wconf 81' lang='lat' dir='ltr'><strong>nod</strong></span> 
     </span>
    </p>
   </div>
   <div class='ocr_carea' id='block_1_13' title="bbox 0 0 1480 4750">
    <p class='ocr_par' dir='ltr' id='par_1_18' title="bbox 0 0 1480 4750">
     <span class='ocr_line' id='line_1_43' title="bbox 0 0 1480 4750; baseline 0 0"><span class='ocrx_word' id='word_1_410' title='bbox 0 0 1480 4750; x_wconf 95' lang='lat' dir='ltr'><strong> </strong></span> 
     </span>
    </p>
   </div>
  </div>
 </body>
</html>
