2934 4750
490 210 493 214 ⁸
570 141 671 235 Comus.
691 147 766 235 vm.
786 185 899 236 24-27.
1065 155 1086 202 ἰ
1128 239 1131 244 ,
1274 172 1335 232 103

121 322 285 404 dignitatis
309 341 379 387 esse
402 323 539 387 ducebat
560 323 641 388 adeo
670 321 749 388 lines
780 318 848 391 eius
875 331 1003 388 vastare
1032 323 1161 404 civibus,
1196 323 1282 389 aedi-

120 425 209 506 ficiis,
232 446 355 509 pecore,
380 434 416 493 ιιι
439 428 510 493 odio
533 446 662 493 suorum
687 419 858 508 Ambiorix,
888 431 914 494 si
942 447 1021 511 quos
1049 429 1113 495 fort
1100 435 1179 494 tuna
1209 430 1282 494 reli·
1342 465 1345 471 ·

120 551 200 614 quos
216 523 352 612 fecisset,
369 533 490 598 nullum
507 535 590 599 redit
576 542 644 599 tum
661 541 756 616 propt
758 554 793 600 er
808 541 917 601 tantas
934 536 1062 601 calamit
1049 540 1134 619 tates
1150 535 1283 601 baberet
1375 530 1378 537 ’

119 640 152 703 in
175 639 345 703 civitatem.
839 687 841 692 2

225 751 277 812 25.
313 743 423 809 Cum
415 765 446 810 ιιι
470 762 579 809 omnes
601 750 710 825 partes
733 743 842 810 finium
859 733 1052 827 Ambiorigis
1070 753 1126 810 aut
1140 746 1281 828 legiones
1303 758 1314 807 1

56 921 60 928 ,
120 856 176 915 aut
199 851 317 915 auxilia
339 851 511 916 dimisisset
530 838 629 932 atque
653 851 759 916 omnia
782 851 940 930 caedibus,
964 851 1131 931 incendiis
1159 853 1311 932 rapinis

118 961 285 1036 vastasset,
310 975 425 1042 magno
449 975 579 1022 numero
602 957 765 1021 hominum
787 956 955 1021 interfecto
979 963 1035 1021 aut
1059 962 1151 1038 capto
1167 954 1280 1022 Labie-

119 1081 193 1148 num
218 1081 290 1126 cum
314 1063 436 1133 duabus
459 1049 637 1142 legionibus
659 1063 691 1126 in
714 1062 869 1128 Treveros
886 1063 993 1143 mittit,
1016 1080 1149 1143 quorum
1167 1063 1279 1128 civitas
1298 1053 1339 1125 2'

117 1173 251 1249 propter.
272 1167 483 1233 Germaniae
486 1169 682 1233 vicinitatem
706 1173 759 1234 cot
745 1169 875 1233 tidianis
892 1169 1065 1233 exercitata
1082 1168 1174 1233 bellis
1191 1169 1279 1234 cultu

118 1279 150 1338 et
171 1271 300 1338 feritate
322 1291 385 1338 non
407 1274 540 1338 multum
563 1294 583 1339 a
606 1273 775 1340 Germanis
799 1272 966 1338 differebat
989 1291 1091 1354 neque
1123 1275 1279 1383 imperata
1343 1341 1345 1346 ,

87 1434 90 1440 .
117 1397 267 1460 umquam
290 1380 350 1444 nisi
373 1381 511 1445 exercitu
536 1387 646 1446 coacta
668 1379 815 1446 iaciebat.
874 1409 876 1413 ·

222 1490 273 1552 26
309 1483 498 1551 luterimC
522 1485 671 1551 Caninius
694 1486 829 1568 legatus
855 1505 925 1551 cum
955 1503 1102 1567 magnam
1135 1485 1240 1549 multit
1201 1490 1311 1549 ttu·1

117 1591 221 1655 dinem
245 1592 429 1656 convenisse
450 1591 591 1656 hostium
614 1593 647 1655 in
670 1590 748 1656 fines
772 1591 934 1656 Pictonum
959 1590 1075 1656 litteris
1098 1592 1279 1670 nuntiisque
1331 1599 1342 1674 J

116 1695 230 1759 Durati
262 1704 478 1778 cognosceret,
512 1698 566 1777 qui
596 1704 750 1778 perpetuo
786 1697 817 1761 in
850 1697 990 1761 amicitia
1022 1701 1184 1760 manserat
1217 1697 1278 1761 Ro·

116 1819 289 1880 manorum,
315 1820 386 1866 curn
409 1821 483 1884 pars
506 1803 662 1884 quaedam
685 1803 824 1867 civitatis
847 1803 915 1866 eins
931 1800 1108 1880 deiecisset,
1133 1802 1173 1866 ad
1190 1796 1278 1882 oppi-

102 1907 190 1994 dum
212 1907 385 1976 Lemonum
409 1909 579 1976 contendit.
627 1909 790 1986 Quocum
814 1908 1001 1972 adventaret
1025 1911 1119 1988 atque
1143 1926 1179 1971 ex
1203 1925 1276 1988 cap·
1295 1920 1313 1968 2

115 2013 188 2076 tivis
212 2013 328 2078 certius
351 2020 558 2096 cognosceret
579 2007 687 2079 m'ultis
710 2013 871 2098 hominum
903 2013 1029 2078 milibus
1058 2033 1077 2077 a
1105 2013 1277 2094 Dumnaco,

116 2117 193 2182 duce
227 2119 373 2198 Andium,
411 2119 579 2184 Duratium
610 2119 752 2184 clausum
785 2118 914 2184 Lemoni
949 2119 1134 2200 oppugnari,
1175 2137 1277 2199 neque

11 2274 15 2279 .
114 2222 256 2288 infirmas
279 2223 421 2306 legiones
444 2225 589 2290 hostibus
623 2225 832 2290 committere
857 2225 999 2304 auderet,
1033 2231 1138 2289 castra
1169 2226 1278 2305 posuit

21 2351 32 2405 j
114 2329 182 2395 loco
211 2331 348 2397 munito.¹
403 2331 593 2412 Dumnacus,
630 2350 701 2397 cum
735 2331 990 2414 appropinquare
1029 2328 1199 2395 Caninium
1226 2342 1313 2396 cos

81 2475 84 2479 Δ
114 2440 255 2517 gnosset,
279 2438 377 2518 copiis
389 2438 586 2502 omnibusad
607 2438 749 2520 legiones
767 2439 924 2503 conversis
942 2442 1047 2502 castra
1063 2437 1276 2503 Romanorum

116 2560 300 2623 oppugnare
322 2544 470 2610 instituit.
516 2543 595 2609 Dum
620 2531 797 2626 complures
820 2544 886 2609 dies
903 2545 936 2607 in
952 2545 1187 2625 oppugnatione
1204 2561 1276 2615 conf
1295 2555 1311 2604 4

117 2650 303 2729 sumpsisset
325 2654 358 2713 et
379 2668 493 2730 magno
516 2668 643 2715 suorum
668 2650 856 2716 detrimento
872 2649 991 2713 nullam
1006 2654 1081 2731 part
1083 2668 1131 2713 em
1147 2648 1280 2715 muniti-

115 2772 210 2819 onum
222 2754 399 2819 convellere
415 2756 581 2838 potuisset,
597 2774 708 2820 rursus
724 2755 767 2820 au
778 2754 986 2819 obsidendum
997 2754 1170 2817 Lemonum
1183 2752 1273 2818 redit.

223 2864 274 2929 27.
311 2860 430 2925 Eodem
453 2860 657 2943 temporeC
690 2860 807 2926 Fabius
835 2860 963 2943 legatus
993 2836 1177 2939 complures
1202 2857 1275 2921 civi·
1296 2871 1308 2918 1

114 2969 200 3029 tates
230 2966 263 3030 in
291 2963 385 3030 fidem
412 2968 533 3047 recipit
512 2967 724 3032 tob'sidibus
753 2965 860 3031 firmat
888 2966 941 3030 litt
912 2966 1067 3045 tterisque
1096 2963 1129 3028 O.
1163 2961 1274 3027 Canini

91 3056 217 3135 ¹Rebili
239 3069 276 3134 fit
298 3073 423 3152 certior,
447 3074 584 3154 quaein
606 3072 789 3148 Pictonibus
817 3078 980 3152 gerantur.
1026 3068 1148 3146 Quibus
1180 3068 1274 3133 rebus

114 3175 249 3255 cognitis
272 3174 483 3257 proficiscitur
506 3178 547 3241 ad
571 3176 721 3242 auxilium
746 3176 881 3247 Duratio
898 3174 1072 3239 ferendum.
1119 3169 1309 3238 At'Dum·2
1334 3245 1337 3252 ,

107 3390 115 3402 ,
147 3352 694 3433 aaiannaaoaaneieuntereuoso.
785 3372 809 3425 s.
829 3366 961 3431 Androm,
981 3365 1015 3420 cf.
1035 3366 1096 3423 vu.
1114 3369 1140 3420 ι
1159 3369 1184 3419 e.
1204 3358 1326 3432 -ιὴιν-

147 3458 173 3508 2.
201 3455 277 3507 culco
303 3461 329 3507 et
354 3456 480 3520 feritate,
518 3457 561 3511 bei
600 3458 693 3511 seiner
747 3472 807 3509 mas
824 3454 941 3523 legiones
958 3454 1080 3507 hostibus
1097 3454 1267 3519 committere,
1293 3453 1327 3507 da
1361 3492 1365 3501 .

29 3566 33 3575 ·
111 3542 210 3596 wilden
229 3544 430 3613 Lebensweise,
449 3544 691 3613 eineHendiadys.
748 3544 791 3597 die
822 3544 888 3596 zuei
918 3544 1059 3609 Legionen
1091 3542 1246 3611 gegendber
1278 3542 1327 3595 der
1374 3600 1376 3607 ,

746 3632 846 3699 Menge
866 3631 914 3685 der
923 3630 1032 3697 Gegoer
1044 3647 1078 3683 zu
1090 3630 1213 3684 schivach
1225 3646 1326 3697 waren,

286 3755 362 3839 Kap’
386 3757 510 3822 26‘31‘
606 3868 611 3875 ¹
746 3807 926 3875 preisgeben,
963 3822 1041 3883 wenu
1079 3822 1110 3859 er
1138 3807 1182 3859 ein'
1215 3805 1326 3859 Treffen

181 3875 310 3941 Feldzug
328 3890 421 3942 gagen
438 3877 616 3932 Dumnacus.
668 3887 670 3891 ·
745 3894 863 3952 presepe,

146 3978 191 4035 ac.
229 3986 252 4035 1.
272 3980 693 4050 Pictonum,ef.v11.4.o.—
738 4012 741 4017 -
782 3982 825 4038 aa
857 3988 880 4037 1.
900 3981 1039 4037 asaneus
1051 3984 1152 4050 armar,
1166 3982 1224 4036 sich
1237 3982 1326 4037 curos

110 4070 693 4135 cnm,lronzessivmadversativ:wabrend
748 4071 858 4125 Geiseln
878 4070 927 4125 der
947 4071 1036 4125 Treue
1056 4071 1221 4125 versichern.

109 4160 258 4226 hingegen.
287 4186 321 4196 -
348 4157 510 4225 Lemonum,
542 4159 619 4213 Stadt
644 4159 709 4214 der'
780 4163 808 4213 D.
825 4163 967 4213 externum
986 4200 992 4213 .
1012 4200 1019 4213 .
1039 4159 1168 4226 ‚bostem
1183 4160 1231 4214 das
1244 4165 1326 4213 unter

94 4247 258 4321 ‚Piktonem
276 4245 345 4299 heut
364 4246 489 4301 Poitiers.
746 4247 849 4302 Fabius
879 4248 1106 4303 heranruckende
1131 4249 1326 4304 Entsatnheer.

746 3734 777 3772 so
796 3719 895 3774 hiesse¹
913 3734 942 3772 es
971 3718 1109 3771 dieselben
1132 3718 1184 3771 den
1203 3717 1325 3771 Feinden
1403 3779 1406 3785 ,
