2934 4750
162 207 252 268 104ἱ
427 272 432 279 ,
629 219 669 272 ne
687 219 761 272 netto
781 180 900 272 Gallico.
927 245 932 256 ·

212 379 310 426 uacus
333 361 471 426 adventu
494 360 584 424 Fabii
602 361 728 442 cognito
747 360 914 441 desperata
929 359 1042 441 salute,
1067 360 1094 424 si
1109 360 1377 442 temporeeodem

213 473 343 532 coactus
373 470 458 531 esset
485 471 519 530 et
546 463 710 531 externum
743 466 900 534 sustinere
930 465 1053 530 hostem
1087 469 1120 530 et
1146 466 1306 546 respicere
1338 484 1379 531 ac

213 574 324 636 timere
346 571 529 657 oppidanae,
552 578 685 653 repente
707 589 747 636 en
769 589 806 635 eo
830 570 897 635 loco
922 589 993 635 cum
1017 571 1113 652 copiis
1129 571 1252 635 recedit
1268 589 1326 635 nec
1341 575 1392 636 se'

147 697 150 701 ·
212 679 289 742 satis
312 682 415 741 tutum
438 667 505 741 fore
522 660 705 755 arbitratur,
723 676 785 740 nisi
801 674 914 741 flumen
932 675 1077 757 Ligerim,
1096 676 1180 756 quod
1195 671 1266 740 erat
1278 682 1376 756 ponte

178 792 193 842 3
213 788 343 864 propter
365 783 615 863 magnitudinem
632 783 872 861 transeundum,
898 783 1005 862 copias
1021 781 1223 848 traduxisset.
1248 781 1375 862 Fabius,

173 906 184 945 ·.
199 883 272 952 etsi
295 887 443 952 nondum¹
458 888 490 951 in
513 892 715 968 conspectum
740 892 871 952 venerat
894 881 1038 952 hostibus
1056 904 1159 968 neque
1183 903 1218 951 se
1241 885 1375 952 Caninio

212 986 427 1071 coniunxerat,
440 998 549 1056 tamen
565 993 677 1058 doctus
694 995 734 1065 ab
752 993 799 1071 iis,
818 993 871 1073 qui
886 993 1026 1057 locorum
1043 997 1199 1057 noverant
1215 998 1375 1071 naturam,

211 1100 410 1180 potissimum
433 1099 568 1163 credidit
590 1098 698 1163 hostes
721 1100 910 1179 perterritos
934 1117 1004 1162 eum
1028 1098 1142 1176 locum,
1167 1115 1260 1178 quem
1283 1104 1376 1178 pete·

158 1214 193 1264 ·4
213 1205 297 1281 bant,
321 1203 487 1283 petituros.
534 1204 646 1283 itaque
669 1220 742 1268 cum
765 1203 862 1285 copiis
887 1191 927 1268 ad
951 1203 1230 1283 eundempontem
1247 1207 1377 1267 conten·

213 1308 260 1372 dit
282 1300 519 1389 equitatumque
542 1314 667 1372 tantum
691 1310 862 1389 procedere
885 1314 959 1374 ante
982 1325 1096 1390 agmen
1129 1309 1266 1395 imperat
1298 1307 1377 1390 legi-

123 1449 126 1453 ·
212 1432 317 1493 onum,
341 1418 495 1494 quantum
519 1433 588 1477 cum
619 1415 836 1494 processisset,
866 1415 932 1478 sine
965 1412 1192 1495 defatigatione
1222 1432 1376 1494 equorum

176 1519 245 1582 ain
269 1519 379 1583 eadem
402 1537 436 1583 se
460 1520 615 1599 reciperet
638 1525 754 1586 castra.
801 1518 1045 1600 Consequuntur
1068 1521 1189 1599 equites
1206 1521 1322 1598 nostri,
1340 1526 1378 1584 ut

211 1610 281 1689 erat
305 1629 517 1705 praeceptum,
541 1625 756 1706 invaduntque
772 1627 926 1690 Dumnaci
948 1643 1060 1706 agmen
1084 1630 1116 1688 et
1132 1623 1289 1706 fugientes
1305 1643 1376 1706 per-

212 1731 402 1811 territosque
426 1732 484 1795 sub
501 1731 633 1795 sarcinis
656 1731 689 1794 in
710 1732 825 1796 itinere
842 1731 985 1812 aggressi
1001 1749 1114 1810 tnagna
1128 1730 1250 1811 praeda
1266 1731 1376 1795 multis

210 1835 384 1901 interfectis
408 1837 582 1917 potiuntur.
628 1837 679 1900 lta
700 1856 735 1900 re
758 1836 839 1900 bene
862 1841 952 1918 gesta
965 1855 1009 1901 se
1024 1837 1181 1917 recipiunt
1202 1836 1235 1899 in
1259 1841 1375 1902 castra.

178 1953 190 2002 1
317 1946 369 2008 28.
416 1941 597 2022 insequenti
622 1947 713 2007 nocte
738 1941 855 2006 Fabius
879 1943 999 2022 equites
1023 1942 1200 2022 praemittit
1216 1941 1261 2032 sic
1279 1960 1375 2022 para·

211 2050 270 2132 tos,
295 2052 330 2110 ut
354 2045 560 2127 confligerent
582 2053 679 2128 atque
703 2066 795 2112 omne
819 2067 933 2129 agmen
957 2052 1166 2125 morarentur,
1196 2048 1272 2111 dum
1301 2064 1376 2110 con·

101 2225 108 2235 ,ἢ
176 2135 397 2232 asequeretur
420 2155 499 2234 ipse.
547 2152 644 2217 Cuius
668 2155 847 2236 praeceptis
871 2158 906 2217 ut
934 2171 985 2217 res
1014 2159 1188 2233 gereretur,
1216 2152 1253 2230 Q.
1284 2153 1375 2216 Atius

211 2257 325 2337 Varus,
350 2257 530 2338 praefectus
554 2244 705 2338 equitum,
719 2323 722 2327 ,
736 2259 906 2341 singularis
939 2264 972 2324 et
995 2259 1092 2323 animi
1123 2264 1156 2322 et
1184 2257 1373 2340 prudentiae

210 2363 266 2441 vir,
290 2382 365 2428 suos
390 2364 536 2429 hortatur
559 2384 736 2447 agmenque
759 2366 897 2431 hostium
913 2371 1101 2431 consecutus
1117 2369 1238 2429 turmas
1255 2365 1372 2446 partim

176 2481 192 2529 3
211 2468 332 2533 idoneis
355 2469 432 2534 loeis
457 2470 604 2551 disponit,
621 2472 737 2551 partim
755 2472 895 2552 equitum
912 2471 1066 2553 proelium
1083 2470 1263 2536 committit.
1290 2467 1373 2535 Con-

210 2565 291 2656 fligit
314 2575 464 2641 audacius
488 2578 648 2657 equitatus
671 2576 809 2641 hostium
839 2578 1080 2643 succedentibus
1110 2578 1168 2641 sibi
1199 2576 1372 2657 peditibus;

209 2681 262 2763 qui
285 2687 353 2746 toto
378 2682 505 2763 agmine
520 2681 728 2747 subsistentes
741 2685 900 2764 equitibus
917 2684 982 2747 suis
1000 2690 1111 2747 contra
1126 2689 1252 2747 nostros
1266 2676 1372 2746 ierunt

174 2782 369 2854 eaoxilium.
415 2787 466 2851 Fit
489 2787 644 2868 proelium
673 2790 741 2853 aeri
773 2790 954 2855 certamine.
1000 2789 1141 2869 Namque
1169 2789 1270 2853 nostri
1298 2804 1372 2852 con·
1402 2823 1406 2831 ·

156 2989 190 2998 —
214 2962 346 3027 respicere
375 2963 435 3027 „ein
466 2953 634 3017 wachaamea
659 2966 737 3039 Auge
770 2980 777 2989 ⁴
826 2963 872 3018 ⁸28.
899 2968 919 3016 l.
938 2964 978 3016 sic
993 2968 1120 3029 paratos,
1139 2968 1170 3015 ut
1188 2962 1371 3029 confligerent,

156 3048 735 3117 haben“.—oppidanos,dieinLemouum
791 3051 825 3106 cf.
843 3050 903 3104 VII.
924 3054 965 3104 19.
985 3054 1009 3103 2.
1161 3040 1163 3043 ¹
1316 3102 1320 3109 .

156 3136 414 3203 eingeschlossenen
427 3138 575 3205 Legionem.
595 3168 627 3177 -
642 3145 736 3206 ponte,
827 3144 863 3192 2.Δ
880 3126 966 3192 Ouios
982 3138 1151 3205 praeceptis,
1184 3137 1236 3191 abi.
1262 3151 1371 3199 causae,

154 3224 226 3278 heim
245 3225 375 3293 heutigen
394 3226 520 3281 Saumur.
790 3227 825 3281 cf.
844 3227 890 3281 VI.
910 3230 952 3280 36.
973 3232 985 3279 1
1007 3228 1162 3294 praeceptis
1173 3224 1300 3279 Caesaris
1311 3223 1371 3279 VII.

191 3314 215 3366 3.
230 3315 404 3380 potissimum
424 3315 539 3368 credidit
553 3327 600 3383 ,er
619 3314 687 3369 hielt
706 3330 736 3368 es
791 3318 868 3371 245
895 3315 1024 3368 instituto
1050 3312 1184 3367 Caesaris.
1205 3340 1239 3350 -—
1264 3317 1371 3364 turonas

154 3400 199 3453 for
218 3401 267 3455 das
287 3402 597 3456 Wahrseheinlichste“.
613 3419 737 3469 -quem
786 3402 893 3470 partina
910 3402 1016 3455 idoneis
1035 3402 1100 3454 locis
1118 3400 1252 3467 disponit,
1264 3398 1370 3467 partini

151 3488 427 3557 petebant-⁰„welche
458 3491 498 3543 sie
529 3489 653 3544 wirklieh
678 3490 759 3543 aui·
790 3488 1371 3557 equitnmproelr'nntcommittit,einenTeii

155 3576 301 3639 sucbten“;
322 3577 365 3629 die
383 3576 552 3645 Vermutung
571 3578 735 3645 desh'abins
790 3578 839 3632 der
870 3578 1054 3633 Gesohwader
1085 3578 1160 3633 stelit
1182 3594 1213 3631 er
1250 3592 1286 3630 an
1312 3592 1372 3629 rer·

155 3663 213 3718 traf
229 3664 362 3718 demnach
381 3681 423 3718 zu.
790 3666 955 3721 schiedenen
968 3667 1095 3720 Punirten
1114 3665 1169 3733 auf,
1189 3666 1239 3719 mit
1252 3665 1313 3719 dein
1326 3680 1371 3717 an·

190 3756 215 3807 4.
233 3754 457 3820 equitatumque.
472 3793 478 3805 .
493 3753 657 3820 procedere
676 3795 682 3806 .
704 3795 710 3808 .
728 3795 735 3808 .
789 3754 856 3809 dern
869 3754 928 3808 Teii
948 3755 1032 3823 greift
1046 3771 1076 3808 er
1089 3755 1132 3808 dio
1150 3753 1256 3808 Feiude
1274 3769 1319 3806 an.

153 3839 734 3907 imperot,eineKonstruhtion,welchedem
825 3847 850 3897 3.
877 3848 934 3895 toto
964 3842 1073 3911 oanine
1100 3842 1289 3907 subsiste-ntes,
1323 3843 1372 3893 mit

156 3928 366 3995 gewbbniichen
378 3929 624 3997 Sprachgebrauch
636 3928 736 3985 Cisars
792 3932 853 3985 dem
872 3946 975 3998 ganzen
994 3932 1071 3997 Zuge
1091 3930 1157 3983 Halt
1176 3929 1319 3995 maqhend.
1353 3976 1355 3980 .

155 4016 211 4069 und
225 4016 273 4069 der
284 4017 429 4070 Klassiker
442 4018 518 4069 nicht
530 4017 737 4085 cntspriohtci.
826 4023 850 4073 4.
871 4020 930 4086 acri
948 4018 1100 4083 emtomine,
1121 4016 1154 4072 cf.
1175 4035 1198 4075 e.
1213 4020 1253 4073 19.
1274 4021 1290 4073 3
1306 4020 1373 4087 Pug-

115 4123 120 4132 ·
155 4102 215 4156 VII.
228 4106 270 4157 60.
288 4109 312 4158 3.
326 4134 360 4142 -
374 4105 405 4156 in
418 4103 688 4174 eodem...costra,
709 4106 737 4157 in
791 4113 874 4160 natur
905 4106 1071 4173 aliquamdiu
1106 4107 1167 4173 pari
1198 4110 1373 4162 contentione

157 4190 207 4245 das
231 4191 319 4259 hager
346 4192 393 4245 dea
416 4192 595 4260 Fuisvolkea,
620 4192 736 4245 welches
791 4209 815 4247 c.
833 4196 877 4249 29.
904 4199 928 4248 1.
952 4224 986 4233 -
1008 4200 1039 4247 nt
1061 4193 1156 4261 pridie
1179 4201 1372 4262 cognoverant,

153 4294 192 4331 an
212 4278 259 4332 der
278 4279 387 4334 Brucke
405 4278 617 4347 ausgesebhgen
636 4294 700 4331 war.
791 4282 861 4335 nach
880 4281 929 4335 der
941 4282 1098 4349 Erfahrung
1117 4282 1373 4349 amnorhergeben·
