2934 4750
567 155 669 211 Oomm.
688 155 736 211 vt.
755 158 851 210 8-10.
1258 145 1302 204 59

86 295 295 380 Cingetorigi,
328 316 420 379 quem
443 299 484 363 ab
512 298 602 363 initio
631 299 842 380 permansisse
870 299 904 362 in
927 295 1029 363 officio
1052 298 1282 363 demonstra-9

82 403 197 482 vimus,
221 403 415 485 principatus
440 410 536 485 atque
558 405 725 485 imperium
749 411 799 470 est
821 403 982 470 traditum.

176 513 206 574 9.
231 505 360 588 Caesar,
382 518 553 592 postquam
569 529 606 574 ex
622 510 777 592 Menapiis
792 511 824 574 in
840 509 995 576 Treveros
1010 511 1104 590 venit,
1125 509 1246 576 duabus
1266 521 1281 570 1

83 613 125 678 dc
149 615 254 680 causis
276 614 422 680 Rhenum
445 617 583 682 transire
605 616 785 698 constituit3
809 633 943 698 quarum
968 634 1031 681 una
1054 621 1132 696 orat,
1162 614 1285 697 quoda

84 718 205 784 auxilia
228 725 339 786 contra
361 738 395 787 se
410 721 557 788 Treueris
573 722 736 802 miserant,
761 722 874 802 altera,
898 740 938 786 ne
954 722 993 786 ad
1017 739 1069 787 eos
1086 721 1247 786 Ambiorix

82 832 249 906 receptum
278 825 421 893 haberet.
466 827 525 894 His
554 826 735 894 constitutis
764 828 860 893 rebus
891 826 1020 909 paulum
1050 844 1147 910 supra
1174 836 1285 892 cuma

83 929 285 1012 totumquo
308 938 382 997 autc
405 934 580 999 exercitum
602 933 799 1014 traduxerat,
823 931 927 998 iacere
948 938 1074 1016 pontem
1098 931 1246 999 instituit.

82 1034 170 1101 Nota
184 1041 280 1116 atque
303 1037 453 1103 instituta
468 1039 589 1104 ratione
604 1057 720 1121 magno
742 1038 879 1104 miiitum
895 1038 997 1103 studio
1013 1039 1121 1120 paucis
1137 1038 1246 1104 diebus
1264 1046 1284 1097 4

82 1159 165 1223 opus
189 1139 333 1210 efficitur.
378 1141 485 1210 Firmo
507 1145 541 1210 in
560 1144 706 1210 Treveris
730 1145 772 1209 ad
794 1150 922 1227 pontem
945 1143 1102 1226 praesidio
1125 1142 1286 1224 relictura

81 1265 124 1312 ne
148 1247 219 1329 quis
241 1247 282 1314 ab
312 1249 359 1313 his
389 1249 494 1316 subito
517 1257 622 1316 motus
645 1256 800 1329 oreretur,
829 1250 968 1331 reliquas
997 1249 1103 1331 copias
1126 1249 1246 1330 equita-

81 1361 215 1434 tumque
243 1354 395 1422 traducit.
446 1355 534 1435 Ubii,
565 1355 620 1437 qui
649 1363 725 1421 ante
753 1355 879 1421 obsides
908 1355 1063 1422 dederant
1091 1362 1187 1437 atque
1214 1354 1286 1418 ino

84 1459 276 1524 deditionem
291 1465 452 1539 venerant,
468 1460 624 1542 purgandi
639 1461 690 1526 sui
704 1478 802 1527 causa
816 1461 858 1526 ad
874 1479 946 1525 eum
967 1461 1091 1542 legatos
1106 1460 1246 1538 mittunt,

83 1563 140 1644 qui
163 1563 300 1630 doceant
321 1583 424 1647 neque
454 1565 572 1631 auxilia
594 1585 634 1631 cx
656 1583 714 1632 sua
744 1567 873 1632 civitate
901 1567 933 1631 in
957 1565 1111 1632 Treveros
1141 1565 1245 1645 missa,

82 1687 186 1751 neque
209 1670 251 1735 ab
273 1687 308 1735 se
329 1669 425 1736 fidem
447 1671 583 1750 laesam3
606 1678 721 1755 petunt
744 1677 840 1754 atque
855 1678 957 1752 orant,
981 1672 1029 1737 uti
1051 1670 1111 1736 sibi
1125 1676 1285 1753 paccata

82 1793 124 1838 ne
141 1776 297 1840 communi
314 1776 386 1842 odio
402 1775 632 1842 Germanorum
651 1777 835 1843 innocentes
850 1796 908 1859 pro
924 1778 1111 1844 nocentibus
1127 1793 1246 1859 poenas

80 1880 238 1967 pendant,
268 1882 296 1947 si
318 1882 454 1963 amplius
484 1883 629 1948 obsidum
655 1884 734 1948 volit
763 1884 841 1962 dari,
871 1881 1068 1966 pollicentur.
1114 1881 1286 1964 cognitas

84 1984 205 2050 Caesar
225 2004 321 2052 causa
350 1990 469 2070 reperit
497 1989 538 2054 ab
568 1988 680 2054 Suebis
710 1988 827 2055 auxilia
856 1990 951 2054 missa
975 2006 1057 2071 esse3
1092 1985 1245 2052 Ubiorum

87 2090 336 2159 satisfactionem
360 2095 485 2176 accipit,
509 2095 616 2160 aditus
637 2096 768 2177 viasque
791 2097 823 2160 in
847 2095 968 2161 Suebos
992 2093 1155 2176 perquirit.

175 2203 223 2265 10.
248 2181 509 2281 Interim'paucis
524 2205 597 2283 post
619 2201 730 2266 diebus
753 2199 790 2265 fit
812 2201 853 2266 ab
874 2199 965 2266 Ubiis
989 2201 1106 2265 certior
1121 2197 1242 2264 Suebos
1264 2209 1276 2258 1

79 2321 192 2369 omnes
215 2305 248 2368 in
271 2323 367 2369 unum
391 2303 496 2371 locum
513 2307 619 2390 copias
643 2325 757 2391 cogere
774 2312 870 2388 atque
893 2306 933 2372 iis
950 2304 1138 2387 nationibus,
1162 2321 1243 2387 quae

79 2410 142 2475 sub
166 2428 277 2475 eorum
300 2413 364 2475 sint
387 2411 530 2494 imperio,
554 2413 749 2494 denuntiare,
778 2421 813 2479 ut
836 2412 952 2478 auxilia
973 2412 1134 2495 peditatus
1157 2410 1243 2493 equi·

115 2553 142 2605 9.
161 2549 558 2620 qoem...demonatrooimua,
577 2552 610 2607 ci.
627 2552 659 2607 V.
713 2553 826 2622 paulum
852 2566 937 2621 supra
961 2552 997 2607 cf.
1030 2551 1089 2605 VII.
1114 2554 1156 2606 50.
1182 2553 1199 2605 6
1231 2559 1301 2618 post.
1348 2570 1352 2576 ·

75 2642 105 2693 3.
125 2643 152 2695 3.
171 2656 197 2693 u
216 2641 259 2693 bd.
279 2643 304 2695 8.
713 2642 840 2709 paulum3
868 2639 1039 2709 gewbhnlieh
1068 2638 1153 2694 steht·
1170 2638 1218 2693 der
1231 2638 1296 2691 Abl.

115 2726 662 2797 a.1.cocoor.ntenraenlungach1iesst
714 2744 866 2797 mensurae,
890 2728 924 2783 of.
950 2744 972 2781 o.
994 2730 1033 2781 19.
1052 2730 1069 2780 4
1093 2725 1175 2794 paolo
1201 2740 1300 2793 supra,

76 2814 140 2869 sich
159 2815 339 2870 unmittelbar
357 2832 391 2871 an
411 2816 482 2885 Kap.
501 2821 526 2871 6.
545 2833 590 2873 an.
713 2834 737 2871 o.
756 2821 798 2875 28.
819 2820 835 2870 2
853 2816 937 2885 paulo
955 2815 1037 2872 infre.

116 2906 143 2956 2.
161 2908 303 2958 contrane.
340 2903 469 2973 Obgleich
482 2906 510 2959 in
521 2905 581 2959 dem
593 2907 685 2961 kam·
749 2908 773 2959 4.
793 2904 929 2971 instituta,
949 2902 1116 2971 eingefbhrt,
1131 2901 1216 2957 daher
1230 2901 1294 2954 her·

77 2991 159 3046 solen
177 2992 350 3048 Nehenratze
369 2992 419 3047 der
429 2993 567 3048 Iudikativ
580 2995 661 3062 steht,
715 2992 856 3063 gebracht,
876 2990 911 3046 cf.
930 3006 950 3045 c.
971 2994 1013 3045 34.
1033 2994 1057 3047 6.

78 3095 127 3135 um
147 3078 191 3135 die
206 3080 461 3137 Thatshchlichkait
480 3082 527 3136 des
538 3083 661 3138 Grundes
751 3083 776 3136 6.
802 3079 873 3147 Ubii,
890 3080 931 3133 die
942 3076 1296 3133 Brbckeidhrtezunachst

77 3168 316 3238 herrorauheben,
326 3170 516 3225 sostehtdoch
524 3171 572 3225 das
580 3172 660 3227 Pron.
714 3170 742 3223 in
771 3169 815 3223 ihr
833 3167 919 3223 Laod.
939 3196 972 3207 -
991 3171 1063 3235 onte,
1087 3166 1121 3221 cf.
1140 3166 1187 3220 IV.
1208 3168 1250 3220 16.
1270 3170 1298 3220 5..

78 3255 215 3325 reflexim,
233 3258 350 3313 welches
371 3258 415 3312 die
432 3259 592 3327 Beziehung
613 3259 664 3314 aur
751 3262 775 3313 7.
793 3257 928 3311 commorat
946 3256 1010 3310 odio
1029 3254 1236 3320 Germanorum,
1255 3254 1295 3307 in·

80 3344 660 3416 chameisdasSubjektdesHauptsataea,
715 3346 789 3415 folge
817 3346 866 3400 der
883 3345 1067 3414 Erbitterung
1086 3344 1186 3399 Choara
1210 3358 1299 3411 31311

80 3433 256 3489 bestimmten
275 3434 432 3500 ausdruckt,
456 3434 489 3489 cf.
514 3434 539 3489 b.
562 3451 584 3490 o.
611 3436 661 3493 111.
717 3433 760 3489 die
778 3432 933 3487 Germanou
952 3432 1115 3500 uberhaupt.

81 3524 126 3575 53.
144 3520 283 3577 hcornel.
302 3522 399 3590 Epam.
418 3522 493 3577 vni.
511 3527 534 3577 3.
560 3522 592 3576 In
605 3540 663 3577 um·
752 3524 777 3575 8.
797 3521 911 3589 Copoito
927 3518 1028 3573 Caesar
1047 3537 1141 3587 causo,
1166 3520 1237 3575 tiber
1253 3520 1300 3575 die·

80 3610 231 3680 gekehrter
250 3611 343 3665 Weise
360 3610 445 3666 findet
463 3611 522 3665 sich
540 3612 576 3665 im
595 3611 662 3667 hon·
717 3609 842 3679 Steliuug
867 3609 914 3665 des
934 3609 1064 3678 Subiekts
1089 3609 1122 3663 cf.
1143 3609 1174 3666 V.
1200 3612 1244 3665 49.
1270 3612 1295 3663 4.

77 3698 521 3767 junktirischenNebensatzedaa
531 3700 663 3755 Promdo·
717 3728 748 3736 -
769 3698 878 3766 coquito
900 3699 1125 3767 „untersuchen“.
1144 3728 1178 3737 -

80 3795 199 3843 moustr.
216 3789 244 3841 in
258 3788 352 3857 Beaug
363 3787 414 3843 aui
423 3787 473 3843 das
484 3787 602 3856 Subjelrt
613 3788 662 3843 des
752 3786 797 3840 10.
838 3791 859 3839 1.
878 3786 909 3839 dn
927 3802 1012 3839 unum
1032 3786 1119 3840 locam
1139 3800 1239 3854 cepere,
1259 3785 1299 3839 ci.

82 3875 277 3944 Hauptaetzea,
296 3875 330 3930 or‘.
340 3875 372 3930 V.
385 3880 429 3930 27.
438 3880 464 3929 2.
478 3904 511 3914 -
521 3876 661 3941 miserant,
714 3874 762 3931 1v.
775 3877 815 3928 19.
825 3880 850 3943 2,
861 3891 901 3929 wo
912 3874 954 3929 die
964 3874 1301 3943 Kriegsvorbereitungen,

83 3963 143 4018 scil.
161 3963 291 4019 Germani
309 3964 511 4019 transrhenani.
715 3962 764 4017 der
783 3962 888 4018 Suaben
906 3963 1109 4018 ausihhrlicber
1126 3962 1301 4031 geschildert.

117 4054 143 4106 3.
158 4051 275 4121 paulum
291 4067 379 4119 cupro
395 4068 454 4106 eum
466 4052 561 4118 locum,
584 4052 662 4107 ober-
715 4050 832 4106 werden.
853 4080 887 4089 -
906 4066 996 4105 omnes
1016 4051 1115 4119 gehdrt
1139 4068 1172 4105 zu
1195 4050 1300 4118 copiae..

78 4141 148 4197 halb
161 4157 215 4195 von
227 4140 368 4209 Neuwied,
381 4140 415 4195 cf.
429 4140 476 4196 IV.
492 4145 532 4195 17.
551 4144 577 4207 2,
591 4149 662 4195 etwa
716 4170 750 4179 -
764 4139 937 4205 denuntiare,
957 4149 1042 4194 etwas
1055 4139 1233 4208 ankiindigen
1246 4140 1301 4193 mit

77 4233 109 4285 in
135 4229 185 4285 der
204 4228 317 4297 Gegend
338 4245 391 4283 von
410 4228 585 4286 Andernach.
621 4228 662 4282 Zu
717 4221 778 4282 dem
798 4228 902 4295 Begriff
918 4228 967 4282 der
986 4227 1127 4295 Drohung.
