2934 4750
474 257 477 261 ·
527 217 627 291 eamn.
647 236 719 294 vnn.
742 235 855 291 lla-17.
1255 225 1293 285 97

79 384 329 447 stramentorum
352 398 391 444 ac
412 379 633 461 virgultorum,
658 397 791 458 quorum
815 396 941 443 summa
962 383 1033 442 erut
1067 378 1100 441 in
1130 378 1244 442 castris

80 487 189 568 copia,
205 486 289 549 inter
313 502 347 548 se
369 481 504 549 traditos
528 490 602 548 ante
618 483 715 548 aciem
733 482 929 548 collocarunt
945 488 1149 562 extremoque
1164 488 1243 548 tern-

79 611 156 674 pore
184 591 248 656 diei
278 591 368 672 signo
405 592 611 670 pronunti-ato
651 609 713 654 uno
753 595 894 670 tempore
928 589 1147 658 incenderunt.
1193 591 1278 655 ltac

80 697 246 764 continens
270 693 397 759 flamma
419 696 526 777 copias
551 712 659 760 omnes
682 700 813 776 repente
837 713 855 757 a
879 701 1053 775 conspectu
1075 695 1154 760 texit
1181 696 1243 760 Ro-

78 820 255 866 manorum.
306 799 397 877 Quod
432 800 487 864 ubi
520 800 642 881 accidit,
678 800 806 893 barbari
840 799 1115 865 vehementissimo
1149 819 1243 866 cursu

79 906 277 989 refugerunt.
1146 902 1149 910 '
1333 961 1335 966 .

189 1016 237 1075 16.
273 1009 400 1087 Caesar,
430 1012 490 1076 etsi
520 1010 695 1075 discessum
722 1009 868 1075 hostium·
895 1009 1148 1075 animadvertere
1179 1025 1275 1075 noni
1352 1011 1353 1016 ’

79 1123 207 1199 poterat
230 1116 383 1182 incendiis
406 1118 568 1197 oppositis,
592 1123 697 1181 tamen
708 1116 747 1180 'id
763 1114 928 1180 consilinm
945 1133 1015 1180 cum
1031 1114 1127 1196 fugae
1147 1134 1243 1182 causa

80 1223 192 1286 initum
216 1223 440 1303 suspicaretur,
463 1222 604 1303 legiones
628 1227 800 1303 promovet,
825 1226 948 1285 turmas
971 1221 1070 1285 mittit
1092 1221 1133 1285 ad
1160 1224 1241 1286 inse·

79 1327 253 1407 quendum,
277 1327 346 1408 ipse
368 1327 492 1392 ueritus·
511 1327 653 1406 insidias,
674 1347 715 1390 ne
747 1325 830 1392 forte
862 1327 894 1389 in
925 1312 1035 1391 eodem
1068 1326 1137 1391 loco
1170 1327 1242 1392 subss

79 1435 193 1498 sistere
216 1434 317 1498 hostis
341 1438 436 1514 atque
459 1433 575 1498 elicere
599 1437 723 1497 nostrus
739 1433 772 1496 in
787 1432 890 1496 locum
906 1438 1076 1496 conaretur
1090 1433 1240 1514 iniquum,

79 1540 203 1603 tardius
226 1538 376 1620 procedit.
422 1537 553 1620 Equites
576 1557 647 1603 cum
668 1539 790 1602 intrare
806 1537 927 1602 fumum
943 1544 975 1602 et
990 1537 1148 1602 flammam
1166 1539 1241 1603 den·
1259 1551 1276 1599 2

79 1645 234 1708 sissimam
259 1646 407 1709 timerent
430 1663 477 1722 ac,
500 1645 527 1708 si
550 1645 604 1726 qui
627 1644 771 1725 cupidius
799 1645 1006 1722 intraverant,
1035 1644 1085 1706 vix
1112 1641 1241 1709 suorum

79 1750 140 1830 ipsi
169 1753 290 1830 priores
327 1755 434 1831 partes
473 1751 762 1814 animadverterent
795 1736 954 1828 equorum,
989 1748 1120 1813 insidias
1148 1750 1241 1813 veriti

79 1854 211 1919 liberam
235 1853 419 1920 incultilem
441 1856 490 1920 sui
506 1855 680 1936 recipiendi
694 1854 869 1919 Bellovacis
887 1854 1052 1920 dederunt.
1099 1855 1149 1918 lta
1164 1853 1240 1934 fuga
1259 1865 1274 1916 3

79 1961 202 2025 timoris
226 1960 320 2025 simul
343 1961 587 2042 calliditatisque
618 1960 712 2042 plena
744 1961 811 2024 sine
840 1959 905 2024 ullo
936 1960 1127 2025 detrimento
1156 1959 1241 2024 milia

79 2084 142 2130 non
165 2066 301 2147 amplius
325 2066 433 2131 decern
461 2067 623 2148 progressi
651 2063 760 2130 hostes
791 2065 861 2130 loeo
891 2066 1101 2130 munitissimo
1134 2070 1240 2129 castra

79 2176 262 2252 posuerunt.
308 2164 387 2236 Inde
411 2190 481 2236 curn
504 2189 598 2252 saepe
621 2173 654 2235 in
676 2171 798 2236 insidiis
822 2171 942 2252 equites
966 2170 1152 2252 peditesque
1176 2171 1274 2235 dis-4

79 2283 242 2357 ponerent,
253 2295 368 2358 magna
378 2277 571 2342 detrimenta
583 2277 733 2341 Romanis
744 2278 776 2341 in
788 2275 1044 2358 pabulationibus
1054 2264 1240 2344 inferebant.

188 2389 239 2450 17.
270 2383 366 2462 Quod·
394 2402 464 2448 cum
499 2384 648 2449 crebrius·
674 2383 841 2463 accideret,
861 2378 914 2447 'ex
946 2384 1070 2464 captiuo
1102 2385 1274 2465 quodamr
1364 2402 1367 2410 “

79 2488 232 2570 comperit
255 2487 373 2553 Caesar
396 2486 558 2567 Oeneum,
582 2488 820 2553 Bellovacorum
845 2487 967 2566 ducem,
996 2487 1240 2554 fortissimorum
1281 2557 1282 2561 ,

77 2593 167 2657 milia
188 2612 244 2658 sex
265 2593 408 2675 pediturn
431 2594 586 2676 delegisse
609 2594 794 2675 equitesque
819 2594 963 2657 exomni
986 2613 1117 2659 numero
1145 2596 1238 2675 mille,

78 2717 157 2780 quos
179 2700 210 2763 in
227 2700 348 2765 insidiis
365 2718 402 2765 eo
418 2700 487 2765 loco
504 2691 683 2780 collocaret,
700 2716 793 2781 quern
809 2700 841 2763 in
856 2699 959 2763 locum
972 2703 1101 2780 propter
1118 2701 1239 2780 copiam

77 2805 227 2870 frumenti
242 2823 280 2869 ac
295 2805 405 2886 pabuli
420 2806 578 2871 Romanos
594 2806 744 2871 missuros
761 2805 987 2885 suspicaretur.
1034 2806 1103 2883 Quo
1114 2806 1239 2885 cognito
1258 2814 1274 2863 a

79 2910 208 2977 consilio
237 2911 380 2992 legiones
408 2912 525 2993 plures,
558 2930 653 2993 quarn
684 2910 816 2991 solebat,
849 2909 953 2974 educit
990 2911 1238 2991 equitatumque,

78 3036 141 3097 qua
172 3016 405 3089 ,consuetudine
436 3016 679 3099 pabulatoribus
715 3016 841 3080 mittere
872 3014 1029 3096 praesidio
1060 3024 1238 3097 consuerat,

78 3122 270 3203 praemittit3
294 3121 365 3185 huic
392 3122 566 3202 interponit
593 3122 709 3196 auxilia
737 3121 814 3185 levis
843 3124 1043 3203 armaturae,
1073 3122 1140 3202 ipse
1168 3131 1273 3187 cume

77 3227 255 3308 legionibus
277 3245 373 3307 quarn
396 3232 502 3309 potest
524 3228 658 3291 manime
681 3226 921 3307 appropinquat.

112 3424 137 3473 5.
152 3436 204 3486 per
227 3434 325 3472 manua
356 3420 391 3473 ist
414 3420 464 3472 mit
489 3419 605 3472 traditos
624 3435 659 3471 zu
748 3421 773 3476 2,
785 3416 998 3489 facultaterusui
1010 3416 1168 3484 reeipiendi,
1183 3418 1217 3472 cf.
1230 3419 1290 3475 VII.

77 3508 257 3561 uerbinden.v
713 3509 755 3559 52.
777 3509 789 3557 1
811 3506 889 3571 signo
907 3506 1065 3572 recipiendi.

113 3598 137 3649 6.
147 3611 175 3649 ‚a
193 3600 336 3663 conspectu
348 3595 423 3661 teuit,
444 3611 492 3648 zur
504 3595 658 3649 Konstrnk·
749 3598 773 3647 3.
786 3592 856 3660 fapu
867 3593 973 3645 timoris
985 3592 1065 3645 motui
1077 3592 1291 3662 calliditatisque

77 3684 135 3737 tion
159 3683 194 3752 ci.
214 3685 245 3737 ο.
263 3686 287 3736 9.
308 3682 378 3737 4'ab
394 3683 576 3737 incidentibus
595 3682 659 3737 telis
707 3681 804 3748 pleno,
815 3681 993 3735 cf.c.8.lc.9.
1005 3685 1026 3734 l.
1037 3681 1291 3735 -iocomunitisai

77 3778 228 3840 tegeretur.
712 3785 764 3835 ruo,
778 3768 826 3823 das
837 3770 927 3835 Lager
940 3767 1040 3822 befand
1051 3769 1109 3823 sich
1120 3770 1291 3831 nordbstlioh

70 3878 95 3901 -r
111 3860 156 3913 16.
197 3864 219 3911 1.
245 3864 364 3925 turonos,
392 3859 657 3926 Unterabteilungen
711 3856 1290 3925 vonGompidgneaufdemMontGanelon,

75 3947 125 4001 der
144 3947 290 4001 Reiterei..
510 3980 514 3987 ·
711 3944 830 3998 walchor
844 3944 908 3998 stell
921 3943 1000 3998 abfiel
1020 3944 1076 3999 und
1088 3946 1124 3997 im
1139 3944 1224 4000 Osten
1236 3948 1291 4001 und

113 4040 139 4091 2.
158 4051 220 4088 cum
232 4034 337 4087 intrare
357 4075 363 4088 .
384 4074 390 4087 .
410 4075 416 4087 .
436 4034 567 4098 timerent,
587 4036 657 4088 anch
712 4032 1101 4101 SudostenvonderOise‚im
1111 4033 1290 4088 Westenvon
1380 4040 1382 4043 '
1455 4030 1460 4037 ’

75 4125 120 4178 bei
141 4123 170 4177 C.
189 4122 276 4177 findet
303 4122 362 4181 sich
392 4123 489 4176 timere
514 4129 581 4175 stati
609 4123 658 4177 des
712 4121 772 4175 dem
785 4121 942 4191 ⁸Fliiischen
956 4120 1067 4175 Aronde
1086 4121 1196 4188 bespitlt
1216 4122 1289 4177 wird.

76 4210 317 4280 gewdhnlicheren
326 4210 416 4263 vereri
428 4210 477 4263 mit
490 4210 552 4263 dem
564 4209 657 4263 Infini-
696 4240 708 4264 ι
747 4211 792 4267 17.
830 4215 854 4263 2.
891 4208 953 4262 duic
988 4208 1139 4276 interponit
1180 4208 1291 4263 anaide

76 4302 123 4367 tiv,
135 4299 169 4353 ci.
179 4299 206 4351 b.
216 4313 240 4352 c.
249 4296 271 4350 L
280 4300 323 4351 64,
334 4299 350 4350 4
361 4296 476 4350 timebat
487 4338 493 4350 .
505 4339 511 4350 .
523 4338 528 4351 .
540 4297 658 4355 obicere.
711 4297 776 4349 leuis
794 4302 963 4362 armaturae,
982 4296 1017 4351 ei.
1037 4297 1097 4351 VH.
1116 4300 1158 4351 65.
1175 4299 1200 4351 4.

160 4394 230 4437 Wal
239 4392 325 4446 ther,
341 4391 453 4435 Caesaris
467 4392 522 4436 bell.
537 4391 601 4434 Gall.
615 4392 656 4436 lv.
1173 4396 1184 4432 7
