2934 4750
167 212 211 272 70
643 223 684 278 De
702 223 775 279 bello
793 223 909 280 Gallico.

187 387 201 436 1
311 370 360 431 53.
390 366 441 430 lta
462 365 616 447 proelium
639 367 821 431 restitutum
844 371 904 445 est,
927 371 1024 447 atque
1038 383 1146 432 omnes
1161 365 1271 431 hostes
1291 371 1400 448 terga

220 476 383 536 verterunt
397 489 497 553 neque
509 473 594 554 prius
606 470 715 554 fugere
728 471 926 551 destiterunt,
944 489 1037 553 quam
1050 471 1091 536 ad
1102 469 1220 538 flumen
1229 471 1400 537 Rhenum

185 577 306 648 omilia
332 595 483 659 passuum
510 595 548 643 ex
575 596 612 643 eo
638 576 707 643 loco
738 577 863 643 circiter
893 577 1032 659 quinque
1060 584 1287 659 pervenerunt.
1343 577 1400 644 Ibi

220 683 371 764 perpauci
393 687 450 747 aut
471 683 590 749 viribus
615 680 724 749 confisi
746 688 878 748 tranare
901 683 1132 749 contenderunt
1153 690 1209 747 aut
1227 682 1398 748 lintribus

185 806 201 856 s
220 787 355 854 inventis
385 787 445 856 sibi
467 787 603 854 salutem
626 795 843 870 reppererunt.
889 789 927 853 ln
948 788 998 854 his
1020 787 1081 854 fuit
1103 789 1297 868 Ariovistus,
1334 789 1399 870 qui

221 893 398 960 naviculam
432 892 604 976 deligatam
638 892 680 958 ad
709 895 810 975 ripam
840 899 952 958 nactus
980 912 1019 958 ea
1047 891 1203 974 profugit3
1236 893 1397 974 reliquos

184 1017 328 1077 somnes
357 1000 499 1081 equitatu
526 999 688 1064 consecuti
716 999 817 1064 uestri
846 997 1082 1064 iuterfecerunt.
1129 1000 1219 1064 Duae
1249 997 1398 1064 fuerunt

220 1105 370 1171 Ariovisti
390 1123 514 1185 uxores,
537 1123 601 1170 una
615 1103 720 1170 Sueba
735 1106 871 1186 natoue,
894 1123 988 1186 quam
1004 1105 1096 1170 domo
1112 1122 1220 1170 secum
1234 1105 1396 1186 duxerat,

125 1259 128 1264 .
220 1210 321 1276 altera
344 1210 468 1290 Norica,
502 1211 586 1294 regis
609 1211 775 1277 Voccionis
804 1228 902 1289 soror,
937 1227 1031 1291 quam
1058 1211 1092 1275 in
1114 1209 1219 1276 Gallia
1243 1210 1396 1277 duxerat

221 1335 240 1380 a
266 1315 365 1381 fratre
387 1317 530 1380 missam:
562 1320 715 1397 utraeque
747 1316 780 1379 in
802 1333 842 1380 ea
863 1313 939 1395 luga
961 1315 1133 1394 perierunt.
1180 1313 1273 1378 Duae
1298 1313 1394 1380 filiae

183 1439 201 1490 5
219 1421 332 1486 harum
355 1421 456 1487 altera
479 1421 593 1501 occisa,
617 1421 720 1488 altera
738 1428 831 1502 capta
846 1424 904 1485 est.
933 1419 1031 1485 Gaius
1047 1419 1194 1484 Valerius
1209 1419 1391 1499 Procillus,

221 1546 290 1593 cum
314 1547 333 1593 a
355 1527 540 1593 custodibus
562 1528 596 1591 in
618 1525 695 1610 iuga
718 1526 810 1592 trinis
834 1527 953 1592 catenis
977 1525 1098 1590 vinctus
1120 1525 1321 1605 traheretur,
1356 1526 1392 1590 in

182 1632 322 1715 eipsum
351 1630 519 1698 Caesarem
551 1633 649 1698 hostis
679 1633 824 1714 equitatu
853 1636 1096 1713 persequentem
1123 1631 1243 1695 incidit.
1293 1632 1392 1711 Quae

219 1739 346 1820 quidem
369 1757 419 1804 res
435 1737 564 1804 Caesari
586 1755 647 1804 uon
671 1738 822 1802 minorem
838 1755 932 1818 quam
947 1737 1016 1818 ipsa
1031 1737 1164 1806 victoria
1179 1736 1390 1819 voluptatem

218 1843 338 1922 attulit,
363 1842 447 1924 quod
469 1842 626 1908 hominem
648 1842 903 1913 honestissimum
925 1842 1106 1923 provinciae
1129 1841 1261 1922 Galliae,
1286 1860 1390 1908 suum

216 1948 403 2014 familiarem
427 1953 460 2013 et
482 1947 646 2030 hospitem,
671 1952 814 2028 ereptum
837 1966 855 2010 e
878 1946 1021 2012 manibus
1037 1946 1185 2026 hostium,
1209 1947 1271 2013 sibi
1287 1948 1389 2013 resti·

219 2059 323 2120 tutum
353 2053 491 2134 videbat,
523 2071 625 2135 neque
656 2053 724 2118 eius
756 2052 935 2118 calamitate
966 2053 1005 2117 de
1036 2056 1129 2118 tanta
1156 2052 1328 2134 voluptate
1353 2058 1389 2118 et

184 2181 201 2232 τ
220 2160 432 2241 gratulatione
457 2159 623 2241 quicquam
646 2157 773 2224 fortuna
796 2159 1001 2224 deminuerat.
1033 2158 1065 2223 Is
1088 2177 1123 2223 se
1145 2166 1320 2240 praesente
1344 2159 1386 2223 de

162 2319 254 2385 hatte,
279 2317 344 2372 land
367 2333 398 2372 er
422 2279 577 2387 imaeKriege
596 2333 682 2385 gagen
700 2317 745 2371 die
799 2317 842 2371 hei
860 2323 976 2386 uterque
995 2316 1060 2372 sehr
1079 2316 1172 2372 seiten.
1201 2315 1235 2372 cf.
1255 2316 1282 2375 h.
1303 2333 1328 2375 c.
1349 2317 1386 2372 Il.
1456 2348 1457 2386 3

164 2406 285 2461 Parther
303 2422 328 2460 a.
347 2409 381 2461 54
394 2405 446 2460 den
458 2406 525 2461 Tod.
541 2434 570 2446 -
585 2406 745 2475 expeditior.
798 2408 824 2461 6.
843 2409 859 2460 5
878 2412 1011 2475 utraeque
1029 2422 1121 2462 naves.
1142 2436 1177 2447 ·-
1195 2404 1280 2460 Daue
1297 2405 1386 2473 filice.

163 2494 282 2549 Crassus
295 2494 372 2549 hatte
385 2494 533 2549 hisheram
546 2493 745 2549 Gefechtnooh
799 2493 874 2549 Statt
899 2495 947 2550 des
972 2496 1039 2551 Gen.
1063 2496 1208 2565 partitirus
1235 2495 1315 2549 steht
1338 2492 1385 2548 hei

63 2612 72 2623 ,
163 2580 469 2649 nichtteilgenommcn.
488 2612 520 2621 —
539 2582 648 2637 tertium
661 2583 746 2637 eciem
798 2581 860 2644 (lem
878 2583 1058 2638 ainteilenden
1076 2583 1164 2637 altera
1177 2622 1204 2637 ..
1222 2582 1314 2637 altere
1332 2581 1384 2635 dus

163 2670 202 2725 ef.
221 2686 244 2725 c.
263 2673 306 2727 24.
325 2674 341 2723 2
360 2686 394 2723 zu
413 2669 548 2737 triplicem
567 2670 661 2725 aciem.
798 2670 897 2739 Subst,
915 2671 1033 2727 welches
1053 2671 1101 2726 das
1116 2671 1208 2725 Ganze
1226 2668 1384 2725 ausdruckt
1456 2737 1457 2748 ἵ

106 2814 129 2829 .,
197 2768 247 2847 ¹53,
281 2796 303 2851 1·
327 2792 364 2847 ag
390 2792 490 2859 flamm
516 2793 649 2847 Rhenum·
693 2793 746 2849 Die
773 2824 776 2831 Ι
799 2758 836 2811 im
855 2758 1012 2813 Verhtltnis
1032 2758 1082 2813 der
1099 2757 1274 2826 Apposition.
1299 2756 1336 2813 ei.
1355 2756 1383 2811 b.

163 2878 320 2935 Germaneu
343 2879 434 2936 flohen
454 2898 506 2936 von
526 2882 585 2937 dem
604 2882 746 2938 Schlacht·

161 2968 237 3023 felde
256 2970 284 3023 in
304 2970 436 3025 ilstlicher
451 2970 590 3038 Richtung
608 2972 746 3027 zunaohst

164 3056 207 3110 his
240 3073 288 3111 zur
313 3057 361 3123 Ill,
396 3057 502 3112 welche
538 3058 632 3113 irllher
665 3060 745 3114 einen

164 3146 232 3198 Arm
251 3145 300 3201 des
318 3145 438 3201 Rheines
458 3146 567 3202 bildete.

201 3253 225 3303 2.
241 3250 376 3317 perpauci
396 3250 430 3305 cf.
449 3268 483 3305 zu
502 3268 526 3307 c.
546 3248 588 3311 1'5.
607 3258 633 3311 2.

774 2948 777 2951 ⁴
797 2933 1017 3003 proferebantur.

797 3138 832 3149 -
856 3110 941 3163 trinis
958 3109 1071 3175 camah,
1089 3109 1132 3163 (lie
1147 3106 1380 3163 Distributirzshl

796 3198 864 3253 trini
873 3197 961 3266 (nicht
973 3198 1066 3266 terni),
1083 3196 1144 3251 weil
1156 3204 1279 3263 catenae,
1299 3196 1380 3250 meist
1456 3219 1457 3232 π

796 3287 833 3340 im
860 3285 935 3343 Plur.
961 3286 1170 3352 vorkommend‚
1198 3286 1239 3339 als
1267 3284 1379 3339 Plurale
1456 3305 1457 3314 ¹

201 3357 225 3409 3·
245 3356 405 3410 Arimi&
423 3358 744 3414 ⁸⁰hei¹¹i1¹a⁰hv·29·3
797 3381 906 3427 tautum
920 3374 980 3442 gilt.
994 3404 1026 3413 -
1039 3373 1136 3431 hostia
1154 3362 1378 3428 UbardieForm
1456 3357 1457 3396 7

163 3440 229 3495 hald
246 3443 317 3497 nach
336 3442 384 3497 der
398 3444 527 3501 Schlueht
545 3446 692 3515 gestorben
711 3464 745 3502 zu
798 3459 832 3515 cf,
850 3478 885 3515 zu
904 3478 927 3517 ο,
948 3464 989 3516 18,
1009 3464 1034 3519 3,

163 3530 231 3586 Sem·
834 3550 860 3607 6.
877 3549 941 3617 ipsu
958 3541 1085 3607 uictoria.
1114 3549 1170 3602 Dar
1184 3547 1318 3616 Sicgwur
1332 3548 1376 3602 be·

199 3638 225 3693 4.
244 3635 655 3701 daoefoeruatArioo.uaores.
666 3640 745 3695 Naoh
799 3637 927 3701 deutend;
947 3637 1019 3692 deun
1038 3637 1108 3691 nach
1128 3638 1189 3691 dem
1203 3636 1316 3691 Bericht
1327 3635 1376 3689 des

798 2863 821 2901 c.
840 2846 890 2904 111.
910 2849 968 2901 108.
986 2849 1003 2901 4
1021 2845 1132 2900 tabulae
1147 2861 1219 2901 unae
1232 2885 1240 2900 .
1252 2888 1260 2903 .
1272 2846 1383 2901 alterae

834 3027 859 3080 5.
878 3022 906 3077 G.
925 3022 1051 3076 Valeriae
1067 3022 1204 3075 Procillus
1223 3020 1256 3076 ci.
1266 3038 1290 3076 c.
1301 3024 1347 3075 47.
1356 3022 1380 3072 4.
1456 3033 1457 3046 ³

163 3722 253 3781 Tacit.
272 3722 361 3778 Germ.
377 3726 409 3778 18
428 3740 484 3779 war
500 3724 543 3779 die
557 3725 746 3784 Vielweiberei
798 3726 869 3780 Plut
886 3726 964 3783 (laea.
977 3724 1101 3805 21fielen
1118 3728 1211 3780 80000
1224 3725 1377 3781 Germanen
1456 3779 1457 3784 ,

162 3811 333 3879 heineswegs
364 3812 409 3865 bei
438 3812 490 3866 den
518 3812 671 3871 Germanen
699 3833 744 3885 ge·
798 3814 1376 3870 inderSchlacht.-columitate=morte

163 3899 314 3967 wthnlieh3
350 3916 402 3953 nur
432 3900 475 3954 die
507 3900 612 3969 Konige
649 3904 744 3959 hatten
798 3930 833 3941 -
856 3902 1017 3971 gratulatio.
1055 3904 1111 3957 Das
1130 3902 1222 3957 Subst.
1241 3903 1315 3959 verb.
1338 3900 1374 3952 im

164 3986 289 4040 mehrere
302 3987 423 4057 Weiher,
444 3988 479 4041 da
492 4004 543 4044 von
557 3992 662 4047 andern
674 3994 743 4047 Fiir·
796 3989 924 4059 passiven
938 3988 1019 4044 Sinne
1037 3990 1085 4045 das
1101 3988 1374 4057 Beglhcktwhnscht-
1456 4031 1457 4036 1

163 4079 227 4128 stan
244 4074 360 4129 riallach
379 4075 422 4130 die
439 4077 676 4134 Versandtschaft
693 4080 743 4134 mit
796 4077 1372 4147 werhendn,„derFreuden-olernlren·
1456 4073 1457 4088 l

164 4162 248 4217 ihneu
267 4164 385 4231 gesucht
404 4166 504 4221 wurde.
522 4196 557 4206 -
582 4167 688 4221 Norica
707 4167 741 4221 cl.
797 4165 869 4233 tag“.
889 4165 925 4220 cl.
937 4165 992 4221 Cic.
1004 4182 1055 4234 pro
1068 4167 1175 4220 Mareu.
1188 4169 1275 4222 41.88
1294 4175 1373 4233 quam

163 4266 199 4304 zu
224 4266 247 4305 c.
272 4254 295 4305 5.
321 4255 347 4307 4.
374 4283 408 4292 -
435 4258 574 4322 atraeque.
608 4253 658 4308 Boi
676 4256 744 4309 zwei
796 4255 953 4324 (imaginem
970 4255 1073 4325 patris)
1097 4256 1249 4310 laureatam
1275 4256 1303 4309 in
1324 4262 1370 4303 ⁸11²

159 4338 308 4395 einzelnen
322 4340 531 4409 Gegensttnden
550 4342 586 4397 ist
605 4342 655 4397 der
667 4342 743 4397 Plur.
797 4345 979 4412 gratulatione
997 4344 1151 4413 conspexit.
