2934 4750
200 224 219 286 6
671 239 712 294 ne
731 239 804 294 seno
816 237 937 295 vostrum.

215 400 232 451 4
250 381 389 447 adiurat.
435 380 493 463 Ea,
517 399 599 462 quae
622 387 696 445 sunt
718 381 790 445 usui
813 381 855 446 ad
878 380 1048 446 armandas
1070 397 1175 458 naves,
1200 399 1237 446 ex
1258 379 1407 460 Hispania

216 486 418 569 supportari
441 486 538 551 iubet.
577 487 649 568 lpse
672 486 880 551 conventibus
896 485 1019 552 Galliae
1042 485 1197 552 citerioris
1220 486 1357 568 peractis
1378 487 1406 549 in

249 591 409 675 Illyricum
438 590 655 673 proficiscitur,
684 592 769 672 quod
794 610 813 656 a
836 591 970 656 Pirustis
993 591 1156 657 finitimam
1186 597 1311 674 partem
1341 610 1408 672 pro·

214 698 370 767 crinciao
392 697 622 763 incursionibus
645 698 766 763 vastari
788 697 946 764 audiebat.
993 697 1041 764 Eo
1066 716 1135 763 cum
1160 699 1306 777 venisset,
1338 697 1407 762 civi-

126 862 130 868 .
249 804 368 869 tutibus
397 802 513 868 milites
542 804 680 885 imperat
709 809 894 884 certumque
923 805 956 868 in
985 802 1088 869 locum
1117 804 1284 868 convenire
1314 802 1407 868 iubet.

213 929 230 979 7
248 908 319 987 Qua
341 928 376 974 re
399 910 546 974 nuntiata
561 908 707 974 Pirustae
728 909 852 990 legatos
875 909 917 974 ad
940 927 1013 974 aum
1034 910 1175 988 mittunt,
1198 910 1252 990 qui
1275 911 1408 974 doceant

247 1014 326 1080 nihil
349 1033 459 1079 earum
482 1033 588 1079 rerum
606 1014 731 1097 publico
747 1014 867 1081 factum
884 1014 1023 1094 consilio,
1048 1033 1179 1097 seseque
1194 1021 1326 1097 paratos
1343 1033 1407 1079 esse
1454 995 1455 1088 l

212 1140 229 1191 8
248 1121 468 1186 demonstrant
483 1121 627 1186 omnibus
643 1121 820 1186 rationibus
835 1121 875 1186 de
890 1121 1011 1186 iniuriis
1028 1119 1220 1187 satisfacere.
1258 1121 1409 1202 Percepta

247 1228 393 1291 oratione
408 1244 516 1291 eorum
532 1225 652 1292 (laesor
674 1226 800 1291 obsides
822 1227 959 1308 imperat
982 1244 1097 1307 eosque
1120 1226 1161 1291 ad
1185 1231 1305 1292 certam
1331 1225 1407 1290 diem

247 1332 361 1397 adduci
382 1331 483 1413 iubet;
506 1333 567 1397 nisi
583 1334 628 1397 ita
642 1330 784 1410 iecerint,
808 1349 876 1397 sese
893 1331 976 1397 bello
992 1332 1151 1397 civitatem
1168 1336 1408 1414 persecuturum

211 1438 451 1507 ademonstrat.
497 1439 539 1503 Iis
571 1439 610 1503 ad
645 1438 729 1503 diem
761 1437 915 1518 adductis,
950 1444 985 1502 ut
1017 1441 1239 1521 imperaverat,
1273 1437 1407 1501 arbitros

246 1544 330 1608 inter
353 1543 499 1609 civitates
523 1543 586 1624 dat,
611 1545 665 1626 qui
686 1544 777 1609 litem
800 1545 969 1608 aestiment
991 1562 1188 1626 poenamque
1204 1545 1406 1608 constituant.

213 1668 226 1718 1
336 1653 367 1716 2.
405 1648 463 1713 llis
497 1648 649 1715 conlectis
684 1651 780 1714 rebus
809 1650 1077 1731 conventibusque
1105 1649 1243 1731 peractis
1271 1650 1305 1712 in
1335 1648 1406 1713 citc-

245 1754 362 1819 riorom
378 1753 513 1819 Galliam
537 1756 709 1820 revertitur
732 1760 828 1836 atque
850 1755 923 1819 inde
940 1755 981 1819 ad
996 1755 1169 1820 exercitum
1185 1752 1403 1836 proficiscitur.

211 1858 295 1929 nEo
318 1879 389 1924 cum
412 1862 559 1941 venisset,
590 1862 729 1927 circuitis
760 1860 904 1927 omnibus
934 1859 1074 1925 hibernis
1098 1860 1250 1943 singulari
1272 1859 1404 1925 militum

245 1965 348 2030 studio
371 1965 402 2030 in
427 1984 550 2032 summa
573 1967 711 2032 omnium
735 1985 840 2031 rerum
862 1966 969 2049 inopia
998 1967 1123 2032 circiter
1151 1972 1310 2032 sescentas
1341 1965 1404 2030 aius

226 2180 252 2230 4.
271 2175 310 2229 ad
326 2177 479 2232 manduc
496 2193 588 2244 nacco,
608 2176 641 2232 cf.
659 2193 682 2232 o.
701 2181 726 2231 2.
745 2180 771 2231 2.

192 2266 430 2320 nares..inrenit
448 2266 609 2322 instructas.
622 2279 703 2318 -cc
716 2263 771 2317 Hi·
1014 2283 1093 2368 ΜΡ.
1118 2285 1210 2352 2-4·

191 2354 300 2422 spanaio.
337 2353 437 2409 Diescs
455 2353 533 2418 Laud
559 2353 669 2409 licierte
693 2352 771 2408 nicht

191 2458 243 2497 nur
255 2442 361 2509 blotan,
379 2442 500 2497 sondern
512 2442 701 2497 vornahmlich
721 2442 770 2495 das
820 2506 822 2512 .
841 2440 1047 2508 Boslobtlgung
1065 2442 1116 2497 dor
1133 2441 1244 2511 Illotte3
1262 2441 1387 2507 Felduug

190 2530 321 2599 Esparto,
343 2531 404 2585 cine
428 2530 630 2598 (draconteas
653 2530 771 2585 welcber
901 2574 905 2582 .
956 2562 1046 2614 3030„
1064 2548 1110 2603 dle
1128 2546 1276 2604 promer,

191 2619 241 2672 das
259 2618 395 2673 Tauverk
419 2619 581 2686 hengestellt
605 2619 706 2687 warde,
735 2619 771 2674 ci.

189 2706 494 2765 Liv.xx11.2o.oubi
511 2708 664 2777 niumagun
682 2709 771 2776 sparti
857 2706 886 2762 2.
913 2711 939 2762 2.
957 2707 1002 2761 Eo
1014 2722 1074 2760 eum
1086 2706 1209 2762 emisset.
1228 2705 1257 2761 O.
1276 2706 1402 2773 gelangta

189 2801 251 2850 crat
269 2795 304 2849 ad
322 2812 379 2851 rem
399 2796 538 2851 nauticam
556 2803 697 2866 congesta.
823 2811 868 2850 am
887 2794 996 2863 Anfang
1016 2795 1064 2849 dea
1083 2795 1149 2849 Juni
1167 2811 1229 2849 num
1247 2794 1348 2849 Hecre.
1372 2818 1399 2830 -
1457 2839 1458 2849 .

224 2887 250 2941 5.
277 2884 309 2937 ia
327 2882 482 2954 Illyricum,
501 2884 624 2945 welches,
637 2884 770 2940 ebenlalls
823 2883 947 2939 circuitio
989 2883 1203 2953 „besichtigen“‚
1250 2883 1296 2937 ein
1337 2880 1401 2936 mili·

189 2979 270 3027 unter
294 2972 342 3027 der
361 2973 538 3041 Verwoltung
557 2973 657 3028 casare
681 2973 770 3031 stand.
823 2970 1115 3027 ttrisoh·tccbnischer
1141 2971 1297 3025 Ausdruck.
1321 3000 1356 3011 -
1373 2968 1401 3021 iu

189 3088 223 3099 -
242 3076 261 3113 a
278 3060 409 3128 Pirustis,
428 3058 476 3116 ciri
490 3060 684 3116 rauberisches
697 3061 770 3116 Vollr
823 3076 927 3114 mmmm
946 3101 952 3114 .
971 3098 979 3115 .
997 3059 1095 3127 inepta
1108 3067 1199 3127 „trotz
1214 3059 1261 3114 dos
1274 3064 1399 3127 grosatan

187 3147 326 3219 Illyricos.
823 3148 977 3218 Mangals“.
1013 3149 1065 3203 Die
1093 3148 1209 3216 Propos.
1234 3147 1262 3201 in
1288 3164 1311 3201 c.
1341 3144 1398 3201 Abl.

224 3242 249 3293 7.
268 3236 462 3302 dmmrmraat
476 3236 564 3292 durch
574 3237 636 3292 ihre
646 3237 770 3292 Gesand·
823 3237 898 3292 dieat
927 3235 1021 3306 hbufig
1050 3252 1102 3291 zur
1132 3235 1326 3303 Bezeicbnung
1355 3235 1399 3289 der

187 3331 241 3379 ten.
260 3354 295 3365 -—
312 3324 436 3378 munibus
453 3324 611 3378 rationibus
630 3325 675 3394 „in
689 3325 769 3395 jeder
823 3325 897 3393 Lege
916 3325 971 3380 und
990 3324 1194 3392 Verhbltnisse,
1221 3323 1255 3379 cf.
1276 3325 1323 3382 VI.
1343 3330 1367 3381 7.
1384 3325 1398 3373 9

187 3412 361 3480 Beziehung“
388 3412 422 3468 ol.
451 3412 501 3468 ΙΙΙ.
528 3417 569 3467 17.
597 3414 614 3466 b
642 3413 767 3468 omnibus
820 3413 849 3467 in
868 3420 947 3468 tanta
959 3414 1164 3481 propinquitate
1175 3420 1335 3467 bunuorum.
1355 3410 1396 3464 VI.

187 3501 276 3556 rebus.
821 3505 863 3557 34.
882 3506 907 3556 7.
926 3503 953 3555 in
979 3501 1110 3556 eiusmodi
1130 3499 1349 3556 difficultatibus.
1367 3525 1398 3539 -

222 3591 248 3643 8.
262 3592 394 3656 percepto
421 3587 479 3643 scil.
506 3589 635 3653 auribus;
664 3591 766 3645 ebenso
819 3591 899 3645 euius
926 3591 986 3648 scil.
1015 3590 1094 3645 cuius
1121 3590 1231 3658 generis
1255 3606 1349 3644 nares.
1368 3616 1396 3625 -

187 3677 234 3731 VI.
253 3680 278 3731 8.
299 3681 315 3730 7
338 3682 471 3746 percepta
495 3676 568 3745 fuga
588 3707 621 3717 -
646 3677 684 3731 od
706 3678 766 3747 „bia
818 3680 932 3735 incenit.
963 3682 1041 3737 Nach
1061 3680 1160 3734 Strabo
1179 3680 1282 3736 11.1oo
1300 3674 1398 3733 boland

187 3764 252 3835 κώ
271 3765 374 3820 ebenso
392 3763 409 3835 ξ
426 3768 444 3820 9
461 3765 498 3820 ad
516 3766 596 3820 diem.
820 3767 878 3823 sich
899 3767 947 3823 das
962 3768 1171 3823 Schiffsarsenal
1189 3784 1226 3822 an
1245 3768 1295 3821 der
1307 3766 1396 3821 Scine·

221 3856 247 3908 9.
266 3853 394 3922 arbitror,
413 3852 640 3920 Sohiodsrichter,
662 3854 766 3911 welche
820 3856 968 3924 mdndung.
981 3886 1013 3897 —
1026 3872 1083 3910 nou
1095 3856 1207 3909 multum
1221 3854 1321 3921 obesae
1334 3854 1398 3922 quur

185 3941 262 3997 niebt
275 3943 346 3997 noch
358 3942 530 3997 bestimmten
543 3943 687 4010 (leuamen,
705 3958 767 3999 son·
820 3944 877 3999 Das
902 3945 930 3998 in
955 3944 1196 4014 ungewbbnlieber
1222 3944 1316 3999 Weise
1340 3943 1396 3995 bin·

186 4030 254 4085 darn
272 4030 344 4084 nach
362 4029 414 4084 den
431 4030 630 4100 Fordarungen
648 4032 698 4086 der
711 4031 765 4085 Bil·
818 4031 965 4102 zugefbgte
994 4034 1030 4088 ab
1060 4049 1108 4096 eo.
1146 4033 1263 4088 welches
1298 4032 1396 4099 cigent-

185 4119 284 4187 liglrcit
302 4119 346 4173 ihr
369 4117 460 4174 Urtail
477 4120 611 4188 abgamn.
630 4150 660 4159 -
683 4119 765 4189 litem,
818 4120 873 4176 licln
903 4123 982 4176 einen
1013 4120 1253 4189 Erklbrungssatu
1283 4122 1332 4175 mit
1368 4124 1396 4172 ut

185 4207 238 4262 den
249 4208 330 4263 Wert
348 4208 396 4263 dac
409 4208 632 4278 Struitobjaktas‚
646 4224 765 4277 mm
819 4208 984 4277 erforderte,
1013 4210 1099 4264 bleibt
1127 4208 1199 4264 ohne
1217 4205 1334 4263 Einflula
1352 4202 1398 4260 anf

186 4295 229 4351 die
247 4296 602 4366 Entschtdigungsaummc.
819 4298 863 4352 die
881 4296 1099 4357 Konstruktion.
