2934 4750
165 167 206 228 22
223 243 226 246 ᾗ
461 192 464 198 ⁴
636 179 678 234 De
696 179 770 235 bello
790 180 906 238 Gallico.

218 321 382 403 superiore
421 319 614 403 cognoscere
653 329 687 386 et
720 323 873 386 virtutem
908 321 1073 403 despicere
1113 324 1296 403 potuerint,
1335 324 1388 404 qui

183 427 366 492 rdimicare
389 445 451 492 non
474 429 543 511 ausi
566 428 705 509 turpiter
726 445 761 492 se
783 429 816 493 in
843 431 949 492 cestre
977 428 1161 508 receperint.
1208 428 1386 510 Imperium

217 551 251 597 ee
274 531 453 598 aCeesere
476 551 534 614 per
556 533 767 613 proditionem
792 532 912 624 nullum
936 532 1126 612 desiderare,
1151 535 1237 614 quod
1262 533 1388 599 habere
1456 617 1457 622 ἵ

216 637 350 702 victorio
373 643 490 718 posset,
514 655 595 718 quae
618 638 681 702 iam
705 644 791 702 esset
813 638 874 702 sibi
896 643 992 719 atque
1023 639 1171 703 omnibus
1196 638 1302 703 Gallis
1334 659 1388 704 ex-

217 741 358 825 plorata3
392 743 466 822 quin
500 745 596 807 etiam
627 743 706 824 ipsis
736 743 908 824 remittere,
940 746 967 808 si
1001 743 1060 808 sibi
1092 745 1194 824 magis
1227 743 1386 809 honorem

182 847 356 912 stribuere
390 866 486 929 quam
521 850 561 913 ab
595 867 631 912 ee
655 849 792 913 salutem
821 851 965 930 accipere
995 849 1172 913 videantur.
1219 849 1315 914 Haec
1351 854 1388 913 ut

215 951 419 1036 intellegatis,
441 954 553 1034 inquit,
576 974 597 1017 α
619 973 668 1018 me
689 954 813 1020 sineere
831 954 1055 1034 prooemiari,
1081 954 1190 1018 audite
1213 953 1387 1018 Romanos

181 1067 198 1117 e
216 1059 343 1124 milites.
389 1058 540 1124 Producit
556 1076 673 1137 servos,
689 1077 769 1140 quos
785 1059 816 1123 in
834 1059 1040 1140 pabulatione
1051 1060 1161 1141 paucis
1177 1065 1253 1124 ante
1266 1059 1385 1125 diebus

166 1172 198 1222 10
218 1170 384 1245 exceperat
399 1169 431 1228 et
447 1163 527 1228 lame
543 1165 740 1246 vinculisque
757 1151 1004 1230 excruciaverat.
1035 1164 1075 1228 Hi
1091 1165 1246 1229 iem'ante
1263 1165 1385 1243 edocti,

216 1287 298 1349 quae
312 1269 501 1350 interrogati
517 1271 771 1350 pronuntiarent,
788 1271 904 1335 milites
920 1288 954 1335 se
965 1287 1035 1335 esse
1050 1270 1240 1352 legionarios
1254 1271 1386 1349 dicunt3

216 1372 300 1438 lame
322 1379 356 1439 et
377 1375 484 1456 inopie
506 1375 661 1440 adductos
684 1377 765 1440 clem
782 1395 820 1440 ex
835 1377 945 1440 castris
963 1377 1074 1456 exisse,
1099 1375 1212 1457 siquid
1228 1375 1386 1440 frumenti

165 1490 196 1538 11
217 1485 274 1544 aut
295 1479 417 1560 pecoris
439 1481 472 1545 iu
496 1481 582 1562 agris
605 1481 746 1562 reperire
768 1486 915 1563 possent3
939 1481 1032 1544 simili
1056 1499 1179 1544 ornnem
1204 1481 1385 1546 exercitum
1454 1557 1455 1582 χ

177 1622 180 1627 ·
216 1585 322 1666 inopie
344 1587 452 1666 premi,
474 1587 613 1653 neciom
627 1583 710 1651 vires
730 1585 876 1652 sulficere
896 1587 1081 1666 cuiusquam
1096 1604 1154 1650 nee
1169 1584 1253 1651 ferre
1275 1587 1387 1668 operis
1454 1623 1455 1626 =

215 1690 358 1756 laborem
381 1709 490 1772 posse:
513 1692 622 1772 itaque
637 1693 791 1757 statuisse
814 1693 1047 1772 imperatorem,
1073 1693 1100 1756 si
1124 1691 1201 1756 nihil
1220 1692 1252 1756 in
1278 1710 1384 1773 oppu-

81 1786 83 1789 ’
165 1805 197 1854 12
215 1797 367 1876 guntione
382 1797 490 1878 oppidi
504 1796 721 1879 profecissent,
745 1798 853 1862 triduo
869 1799 1040 1863 exercitum
1062 1797 1226 1863 deducere.
1276 1795 1381 1872 Haec,

215 1902 325 1982 inquit,
350 1923 371 1965 o
393 1923 451 1979 me,
477 1903 725 1985 Vercingetorix,
751 1903 901 1980 beneficia
917 1901 1050 1980 habetis,
1076 1923 1166 1984 poem
1179 1901 1383 1984 proditionis

205 2007 433 2085 insimulatam
456 2008 547 2072 cuiue
570 1991 668 2088 opere
683 2009 755 2072 eine
770 2010 1055 2089 uestro-eompuioe'
1064 2013 1189 2072 tamtum
1204 2008 1383 2072 exereitum

215 2112 363 2176 victorem
382 2113 470 2190 fame
489 2133 593 2193 poene
616 2118 836 2197 comtemptum
859 2113 991 2191 videtis;
1014 2133 1105 2195 poem
1126 2112 1267 2193 turpiter
1290 2132 1327 2176 se
1340 2133 1381 2174 er.
1454 2143 1455 2146 ¹

146 2220 174 2265 Ἀ
214 2217 274 2281 ltac
294 2219 377 2299 stepo
398 2219 602 2298 recipientem
628 2239 669 2282 me
695 2239 760 2300 pue
788 2219 902 2300 civitas
929 2218 1000 2282 suis
1028 2219 1149 2298 pinibus
1178 2211 1328 2309 recipiat,
1360 2239 1380 2280 o

215 2341 264 2387 me
283 2321 453 2402 prouisum
475 2329 531 2390 est.
580 2406 583 2411 ι
1456 2402 1457 2407 ¹

184 2438 196 2485 1
323 2430 374 2493 21.
414 2426 596 2493 Conclamat
619 2429 720 2494 omnis
744 2428 914 2493 multitudo
938 2434 970 2494 et
992 2446 1049 2493 suo
1074 2446 1161 2493 more
1183 2429 1280 2491 ermis
1304 2446 1380 2492 con·
1456 2410 1457 2419 ἵ

189 2536 337 2612 'erepat
359 2534 443 2613 qnod
466 2532 572 2598 lacere
594 2534 628 2598 in
642 2552 688 2603 ,eo
711 2540 914 2613 consuerunt,
943 2535 1031 2599 cuius
1060 2534 1234 2599 orationem
1262 2541 1382 2614 appro'·
1456 2570 1457 2601 t

163 2676 477 2683 -——..—-—0—---—.-.-..

198 2742 392 2810 tsimperium,
411 2742 535 2796 desselbe
557 2743 598 2796 als
622 2744 638 2809 ,d
661 2748 678 2797 2
697 2759 741 2797 re·
795 2743 891 2797 darum
914 2742 1042 2808 handelt,
1068 2743 1143 2796 aeine
1169 2706 1283 2809 eigenen
1310 2742 1380 2796 Ver·

160 2841 255 2898 gnum'
269 2861 303 2869 -
317 2845 370 2897 per
385 2830 569 2897 proditionem
587 2832 741 2899 entspricht
795 2829 902 2887 dienste
926 2829 1164 2895 hervorzelreben,
1190 2824 1321 2884 withrend
1349 2845 1381 2883 er

160 2918 222 2973 dem
247 2917 395 2986 folgenden
419 2917 531 2972 Abletiv
557 2918 682 2996 vietpria.
706 2949 740 2957 -
794 2917 895 2971 vorher
914 2918 929 2983 ξ
948 2920 965 2971 6
989 2918 1033 2972 die
1056 2918 1169 2985 geringe
1187 2909 1297 2971 Anzalil
1321 2917 1379 2970 und

161 3006 367 3074 explorantem.
384 3022 407 3061 c.
429 3009 469 3061 15.
487 3008 513 3059 2.
541 3035 581 3051 -ι
597 3007 739 3071 remittere,
795 3004 838 3059 die
852 3004 1062 3073 Untdchtigkeit
1081 3004 1226 3059 desselben
1246 3005 1298 3071 den
1312 3004 1379 3058 Gel-

161 3094 219 3149 scil.
239 3094 291 3149 den
304 3093 479 3159 Oberbelehl,
497 3094 618 3149 welches
631 3095 672 3149 eie
684 3095 741 3148 ihm
795 3092 864 3147 liern
883 3094 1039 3159 gegenttber
1063 3092 1255 3155 ausdrucklich
1280 3092 1379 3147 betont

115 3217 117 3222 ·
161 3183 329 3249 ebertragen
355 3182 467 3249 hatten,
484 3182 530 3237 ef.
559 3198 582 3236 c.
610 3185 634 3235 4.
663 3185 688 3235 6.
708 3212 742 3221 -
795 3179 881 3234 hatte.
900 3175 975 3234 -e'ot
992 3180 1043 3233 huc
1060 3181 1140 3248 supe,
1158 3180 1235 3234 nicht
1253 3180 1290 3233 im
1309 3182 1377 3234 zeit-

159 3270 308 3324 oideomtm
319 3293 354 3314 =
366 3270 416 3323 sibi
428 3269 582 3335 videantur,
600 3269 649 3323 das
661 3270 742 3322 Pron.
797 3268 897 3335 lichen,
917 3267 1036 3323 sondern
1055 3269 1091 3321 im
1105 3267 1273 3321 reumliohen
1293 3268 1392 3342 Sinne¹

135 3377 138 3384 ⁴
161 3358 198 3411 ist
224 3373 317 3425 wagan
347 3358 394 3412 des
420 3355 661 3425 roroufgehenden
690 3357 742 3411 sibi
795 3380 830 3399 =
851 3354 917 3423 „aul
934 3355 1022 3409 dieser
1041 3355 1170 3423 Flucht“,
1188 3354 1224 3409 cl.
1245 3372 1268 3410 c.
1286 3359 1330 3410 28.
1350 3360 1376 3409 6.

160 3444 348 3511 ausgelessen.
830 3444 874 3497 21.
914 3449 936 3497 1.
956 3458 1005 3496 suo
1023 3458 1102 3508 more,
1130 3444 1190 3497 dele
1209 3443 1284 3498 diere
1303 3444 1376 3497 Sitte

199 3535 239 3585 10.
258 3532 283 3583 ei
311 3531 380 3600 quid
401 3574 406 3585 .
427 3573 432 3584 .
453 3572 461 3609 .
480 3531 599 3599 reperire
619 3537 741 3599 posceret,
795 3532 866 3585 euch
883 3532 928 3585 bei
948 3531 999 3585 deu
1013 3530 1167 3585 Germanen
1186 3530 1310 3596 hestaud,
1329 3530 1375 3583 be·

123 3619 125 3623 '
159 3619 484 3686 indirelrterFrugesatz,
503 3619 537 3673 cl.
556 3619 589 3674 Ε.
603 3618 631 3674 S.
649 3624 742 3674 281.2
795 3618 899 3673 riehtet
923 3618 988 3672 Tac.
1014 3617 1105 3673 Germ.
1136 3623 1177 3672 ll.
1201 3618 1245 3671 sin
1272 3618 1376 3685 placuit

91 3722 94 3728 ’
160 3712 238 3763 Anm.
258 3707 284 3761 S.
305 3708 348 3762 W.
370 3710 428 3761 166.
448 3711 481 3761 A.
499 3712 516 3761 2
535 3707 599 3761 Zus.
796 3706 1374 3775 (sententie),tremeesoonoutiuntzhono·

198 3800 238 3851 12.
258 3795 350 3861 Haec,
377 3794 482 3862 inquit,
504 3812 522 3847 o
544 3811 598 3860 me,
629 3796 741 3850 Vercin·
795 3795 963 3849 ratissimum
982 3808 1212 3861 assensusgcnus
1229 3795 1373 3849 'estarmis

159 3884 284 3951 getorlx,
311 3882 432 3937 dieselbe
451 3884 653 3952 Wortstellung
670 3884 741 3938 euch
795 3882 919 3949 laudare,
939 3882 976 3937 el.
995 3881 1065 3937 euch
1078 3882 1143 3936 Tac.
1158 3882 1223 3937 hist.
1234 3882 1267 3937 V.
1289 3887 1372 3937 17.—

159 3974 190 4025 in
211 3972 275 4026 der.
289 3970 565 4045 leidenschaftlichen
588 3971 664 4027 Rede
691 3972 741 4027 des
795 3987 842 4025 uec
861 4014 868 4029 .
886 4012 892 4024 .
912 4014 919 4029 .
939 3969 1128 4035 dubitandum,
1148 3984 1216 4023 mec.
1236 4011 1243 4024 .
1264 3986 1373 4037 ..prome

158 4060 285 4126 Sabinus,
305 4059 340 4114 cl.
354 4060 385 4113 V.
405 4063 447 4117 30.
468 4067 490 4115 1.
503 4092 537 4101 -
548 4066 741 4113 tetrameter·
796 4060 840 4115 die
860 4061 964 4115 ndhere
983 4057 1165 4125 Aosldhrung
1183 4057 1238 4125 und
1253 4058 1373 4126 Begrdn·

158 4148 242 4201 citum
264 4148 402 4214 rictorem,
427 4164 457 4203 so
481 4157 568 4204 neunt
592 4148 740 4215 Vercinge·
795 4148 871 4215 dung
889 4147 937 4203 des
951 4145 1208 4215 Vorhergehenden.
1226 4146 1374 4199 -moiore
1456 4196 1457 4199 ,

159 4236 235 4291 torix
253 4236 326 4303 jetzt
339 4237 468 4315 desrdm.
480 4238 565 4306 Heer,
582 4253 625 4292 wo
637 4252 668 4291 es
681 4236 742 4291 sich
795 4236 902 4288 ratione
922 4257 952 4297 =
973 4236 1077 4289 maiore
1095 4234 1250 4301 prudentia.
