2934 4750
172 206 211 265 26
647 220 685 271 lle
704 219 777 273 bello
797 220 911 274 Gallico.

188 377 204 428 5
225 358 413 442 Ambiorigis
435 366 469 424 et
483 356 646 425 Catuvolci
671 365 772 440 erant,
795 363 890 426 misit.
926 361 983 425 His
1006 361 1158 426 militibus
1171 361 1211 440 Q.
1229 361 1387 426 Titurium

223 462 373 530 Sabinum
405 472 438 530 et
466 464 502 532 L.
526 465 774 531 Aurunculeium
805 464 933 531 Cottam
963 466 1085 549 legatos
1115 485 1264 548 praeesse
1285 468 1389 532 iussit.

188 570 273 643 end
303 569 386 634 hunc
418 572 545 636 modum
577 571 755 637 distributis
790 571 966 653 legionibus
1001 569 1149 636 facillime
1184 573 1309 654 inopiae
1343 572 1389 636 rei

188 673 448 750 7frumentariae
482 694 553 741 sese
589 677 708 740 mederi
742 693 836 757 posse
869 677 1070 743 existimavit.
1134 679 1238 758 Atque
1275 677 1389 742 hurum

222 787 330 847 tamen
352 783 491 846 omniurn
513 782 673 864 legionum
696 781 831 847 hiberna
853 790 984 864 praeter
1007 801 1086 861 earn,
1110 799 1204 862 quam
1221 783 1255 849 L.
1274 783 1389 848 Roscio

222 888 255 951 in
288 888 525 968 pacatissimam
558 894 590 952 et
622 887 851 968 quietissimam
882 896 1006 970 partem
1036 887 1212 954 ducendam
1243 888 1389 968 dederat,

187 993 350 1066 emilibus
380 1011 530 1075 passuum
560 998 684 1057 cent-um
716 994 966 1059 continebantur.
1012 995 1085 1076 Ipse
1115 995 1249 1073 interea,
1283 993 1390 1075 quoad

223 1099 363 1180 legiones
395 1099 567 1164 collocatas
601 1100 785 1182 munitaque
816 1099 948 1166 hiberna
978 1100 1185 1182 cognovisset,
1220 1100 1253 1165 in
1284 1097 1391 1166 Gallia

150 1229 153 1234 ·
223 1187 340 1269 morari
367 1207 541 1272 constitnit.

189 1334 202 1383 1
312 1315 363 1374 25.
389 1311 470 1375 Erat
491 1313 523 1375 in
539 1309 732 1376 Carnutibus
748 1329 870 1376 summo
893 1311 963 1378 loco
986 1316 1081 1376 natus
1096 1311 1273 1393 Tasgetius,
1298 1311 1389 1375 cuius

187 1439 205 1488 2
224 1415 360 1480 maiores
382 1415 416 1480 in
438 1435 497 1480 sna
520 1417 646 1481 ciuitate
667 1436 805 1498 regnum
831 1417 1041 1482 obtinuerant.
1087 1417 1168 1481 Huic
1191 1415 1309 1482 Caesar
1332 1435 1390 1498 pro

223 1520 291 1584 cius
314 1521 432 1586 virtute
455 1525 550 1603 atque
572 1524 604 1586 in
628 1541 662 1587 se
685 1522 914 1601 benevolentia,
947 1524 1030 1604 quod
1058 1523 1091 1585 in
1122 1523 1267 1587 omnibus
1298 1522 1390 1588 bellis

224 1626 379 1709 singulari
411 1628 479 1692 eins
502 1646 599 1709 opera
631 1627 735 1692 luerat
757 1647 842 1708 usus,
877 1629 1031 1694 maiorum
1055 1628 1157 1692 locum
1190 1629 1388 1694 restituerat.

189 1731 366 1804 3Tertium
389 1735 452 1798 ianr
474 1734 558 1799 huuc
580 1754 697 1800 annum
721 1741 906 1815 regnantem
935 1735 1051 1800 inimici
1074 1734 1184 1799 multis
1215 1733 1324 1816 palam
1352 1752 1390 1798 er

224 1839 352 1904 civitate
367 1840 550 1906 auctoribus
572 1840 807 1908 interfecerunt.
854 1839 1004 1905 Defertur
1020 1859 1058 1905 ea
1073 1859 1125 1905 res
1149 1841 1190 1904 ad
1206 1838 1388 1904 Caesarem.

190 1964 207 2014 4
225 1944 281 2008 ille
294 1946 421 2026 veritus,
445 1948 528 2027 quod
544 1947 586 2012 ad
610 1947 716 2028 plures
731 1965 783 2012 res
796 1948 985 2029 pertinebat,
1010 1966 1050 2011 ne
1074 1947 1183 2011 civitas
1199 1964 1310 2011 eorum
1333 1946 1389 2010 im·

224 2050 319 2132 pulsu
343 2051 500 2131 deficeret,
522 2052 559 2120 L.
579 2052 730 2117 Plancum
755 2071 825 2116 cum
849 2053 973 2134 legione
996 2071 1035 2118 ex
1056 2053 1165 2132 Belgio
1189 2053 1335 2118 celeriter
1357 2051 1389 2116 in

225 2153 381 2221 Carnutes
404 2156 561 2236 proficisci
583 2158 672 2222 iubet
693 2159 800 2239 ibique
823 2157 971 2237 hiemare,
995 2174 1191 2238 quorumque
1216 2175 1314 2238 opera
1340 2175 1389 2222 eo-

224 2262 368 2340 gnoverit
384 2262 567 2344 Tasgetium
585 2263 794 2344 interfectum,
819 2264 876 2327 hos
894 2263 1135 2344 comprehensos
1148 2263 1189 2327 ad
1206 2281 1240 2326 se
1256 2264 1387 2354 mittere

189 2367 355 2437 olnterim
377 2366 418 2431 ab
440 2369 593 2447 omnibns,
623 2369 737 2449 quibus
762 2368 900 2450 legiones
924 2368 1111 2447 tradiderat,
1144 2369 1258 2434 certior
1287 2367 1387 2434 factus

225 2479 275 2537 est
297 2474 328 2536 in
352 2472 484 2537 hiberna
505 2480 694 2555 perventum
717 2475 884 2555 locumque
907 2492 976 2539 esse
999 2475 1163 2540 munitum.

206 2648 232 2700 6.
263 2644 314 2713 Qu.
347 2645 485 2701 Titurium
503 2647 639 2713 Sabinum
664 2658 692 2704 et
718 2650 750 2703 1..
841 2653 864 2703 3.
888 2648 1008 2701 Tertium
1025 2649 1081 2701 iarn
1094 2648 1166 2701 bunc
1185 2664 1291 2701 omnum
1306 2649 1389 2717 „jetzt

174 2735 389 2789 Aurunculeium
409 2736 527 2791 Cottam.
555 2738 750 2792 Wabrschein-
806 2736 891 2790 sehon
923 2736 971 2790 das
1003 2737 1083 2790 dritte
1113 2736 1209 2789 Jahr“.
1246 2736 1386 2790 Nachdem

171 2824 225 2877 lich
244 2823 394 2891 befehligte
413 2825 462 2879 der
481 2832 588 2880 erstere
612 2827 655 2880 die
679 2826 751 2881 volle
805 2825 853 2879 der
865 2826 985 2879 rbmisch
998 2826 1122 2894 gesinnte
1137 2825 1285 2892 Tasgetius
1299 2826 1387 2892 einige

169 2912 326 2966 vierzehnte
355 2914 467 2981 Legion,
495 2914 576 2969 Cotta
601 2914 644 2968 die
672 2917 750 2969 iiber·
804 2913 889 2967 Jahre
920 2914 979 2967 sich
1009 2914 1036 2967 in
1067 2913 1115 2966 der
1144 2912 1312 2967 Herrsuhaft
1343 2913 1387 2965 be·

169 3000 294 3067 zahligen
321 3000 385 3055 fini
408 3002 560 3069 Kohurten,
589 3004 691 3072 jedoch
722 3004 750 3056 in
804 3002 920 3070 hauptet
943 3003 1030 3071 hatte,
1059 3001 1151 3054 ducite
1176 3000 1204 3069 C.
1231 3002 1282 3054 mit
1302 3000 1389 3055 Recht

170 3089 218 3142 der
250 3090 353 3157 Weiss,
384 3090 445 3143 (lais
476 3090 594 3145 Sabinus
626 3091 750 3158 zngleich
805 3090 929 3157 glauben,
950 3090 1010 3143 dass
1030 3089 1149 3143 dieselbe
1169 3090 1247 3142 einen
1267 3088 1387 3143 festeren

171 3177 440 3232 Oberbelehlshaber
458 3195 521 3234 war.
806 3178 929 3231 Bestand
960 3178 1047 3232 haben
1078 3177 1180 3231 winde.
1221 3205 1255 3216 -
1297 3176 1387 3229 stultis

205 3269 230 3319 7.
248 3270 346 3331 tornea,
365 3274 436 3320 trotz
455 3267 503 3319 der
521 3267 665 3334 grbsseren
683 3266 751 3320 Ent-
801 3266 898 3333 polono
916 3283 949 3319 err
967 3267 1077 3319 civitate
1096 3273 1156 3331 etc,
1176 3266 1308 3319 darunter
1328 3264 1386 3319 sind

168 3353 297 3419 fernung‚
315 3369 393 3408 wozu
407 3354 456 3407 der
470 3354 709 3423 Getreiclcmaugel
722 3353 751 3408 C.
807 3354 882 3407 seiue
900 3353 1064 3421 politischen
1083 3353 1196 3419 Feinde,
1216 3354 1260 3407 die
1274 3354 1385 3407 Anhbn·

168 3442 590 3510 among-omniumlega'onum
601 3442 753 3497 hiberna..
807 3457 855 3508 ger
882 3441 931 3495 der
960 3441 1118 3495 nationalen
1138 3442 1242 3507 Partei,
1269 3459 1304 3497 zu
1330 3456 1385 3494 ver·

168 3528 751 3596 miltbospossoumcentumcontinebantur.
806 3530 914 3595 stenen,
950 3528 1051 3583 welche
1073 3522 1164 3583 'scine
1199 3527 1385 3583 Privatleinde

169 3615 221 3669 Die
239 3622 306 3670 rom.
321 3617 514 3686 Winterlager,
533 3620 751 3673 mitAusnahme
804 3616 928 3685 (inimici)
956 3633 989 3670 zu
1008 3617 1068 3670 dem
1080 3616 1175 3670 Morde
1193 3616 1381 3672 veranlassteu.

168 3704 217 3757 des
247 3703 283 3757 im
314 3704 427 3759 Gebiete
464 3706 512 3761 der
543 3706 674 3761 Essuvier
703 3722 749 3775 ge·
838 3707 863 3759 4.
892 3704 963 3772 quod
988 3705 1026 3757 ad
1042 3704 1139 3772 plores
1163 3721 1206 3758 res
1229 3704 1383 3772 pertinebat

131 3789 133 3792 ’
166 3793 291 3861 legenen,
319 3809 410 3847 waren
439 3795 465 3847 in
495 3796 581 3851 eiuem
600 3794 682 3849 Kreis
701 3797 750 3849 mit
804 3792 1111 3860 ,weilmehreredabci
1131 3789 1382 3861 beteiligtwaren“·

168 3882 256 3934 einem
269 3882 432 3937 Halbkreise
449 3900 502 3939 von
523 3887 573 3938 100
592 3884 748 3938 rbmischen
801 3909 835 3919 —
848 3897 882 3935 ex
901 3880 1008 3949 Beryto,
1027 3881 1098 3934 nach
1119 3898 1142 3935 c.
1161 3884 1202 3935 24.
1222 3885 1238 3935 3
1257 3896 1307 3935 aus
1326 3880 1383 3933 dem

167 3970 280 4037 Meilen‚
312 3969 338 4024 d.
367 3972 385 4025 i.
413 3989 463 4026 von
493 3974 543 4025 148
571 3972 631 4025 Km.
660 3974 751 4038 einge·
805 3968 899 4023 Laude
918 3968 966 4023 (ier
983 3968 1156 4023 Suessionen.

168 4057 321 4112 ⁸⁰h¹⁰⁸⁸⁰¹¹·
840 4095 867 4145 5.
894 4090 1024 4159 bibernis,
1061 4091 1144 4147 Dativ
1172 4090 1220 4145 des
1248 4092 1383 4147 Zweclses.

203 4177 251 4233 25.
290 4185 314 4233 1.
350 4181 380 4233 in
412 4180 594 4250 Carnutibus,
629 4198 665 4235 an
701 4183 751 4237 der
805 4180 861 4233 Das
894 4178 1081 4248 Winterlager
1112 4179 1199 4233 selbot
1228 4197 1285 4237 war
1315 4176 1384 4233 noch

168 4265 253 4320 Loire
272 4283 317 4320 um
336 4267 385 4322 das
404 4269 515 4336 heutige
534 4269 660 4325 Orleans.
803 4268 881 4322 nicht
900 4266 1064 4336 vollsttndig
1088 4268 1277 4336 cingerichtet,
1308 4264 1341 4321 cf.
1360 4279 1383 4318 o.
