2934 4750
25 60 44 90 Ο

102 229 105 232 ἢ
165 139 184 198 8
228 173 230 179 ν
449 107 452 113 ¹
635 147 677 200 De
696 145 767 200 bello
788 145 900 200 Gallico.

216 291 339 355 oriente
361 290 426 354 sole
451 296 543 371 gesta
565 293 681 369 essent,
703 293 780 352 ante
809 288 942 368 primam
971 285 1148 352 conlectam
1177 287 1316 368 vigiliam
1343 288 1370 350 in
1454 305 1455 308 ¹

216 393 329 458 finibus
352 395 565 457 Arvernorum
590 393 699 457 audita
721 397 804 470 sunt,
829 393 913 472 quod
937 393 1073 473 spatium
1097 396 1147 455 est
1163 390 1283 456 milium
1305 410 1371 472 pas·

216 517 307 563 suum
331 498 456 563 circiter
479 496 573 562 CLX.

183 617 195 666 1
322 610 353 667 4.
376 678 378 682 v
398 603 499 667 Simili
522 605 652 676 ratione
669 602 712 666 ibi
738 602 985 683 Vercingetorix,
1010 600 1129 666 Celtilli
1146 599 1238 681 iilius,
1264 603 1374 664 Arver-

216 727 285 787 nus,
313 727 456 773 summae
487 710 649 789 potentiae
685 706 892 801 adulescens,
917 709 1004 772 cuius
1038 713 1129 788 pater
1164 707 1374 788 principatum

111 853 113 856 v
217 813 341 878 Galliae
369 815 470 878 ‘totius
502 814 681 879 obtinuerat
714 817 747 878 et
779 813 818 878 ob
854 831 923 876 eam
954 830 1092 890 causam,
1128 813 1212 892 quod
1245 831 1375 893 regnum

216 921 396 1000 appetebat,
422 928 442 984 a
465 919 592 1005 ciuitate
617 924 687 982 erat
710 916 905 995 interiectus,
931 919 1109 983 convocatis
1126 917 1191 981 suis
1209 916 1375 981 clientibus

181 1023 309 1088 alocile
328 1007 491 1088 'incendit
544 1023 677 1104 Cognito
708 1023 775 1088 eius
808 1007 937 1088 consilio
970 1023 1012 1086 ad
1043 1041 1131 1086 arma
1166 1023 1376 1089 concurritur.

216 1129 404 1193 Prohibetur
428 1124 706 1206 aGobannitione,
730 1137 845 1210 patruo
870 1146 936 1206 suo,
962 1127 1153 1209 reliquisque
1169 1128 1377 1215 principibus

214 1235 268 1314 qui
292 1233 374 1298 hanc
397 1235 614 1316 temptandam
637 1233 797 1298 fortunam
814 1251 877 1297 nou
894 1233 1127 1311 existimabant,
1153 1218 1325 1312 expellitur
1341 1209 1379 1335 lig

182 1352 198 1401 3
217 1340 332 1420 oppido
356 1339 526 1421 Gergovia,
550 1358 613 1404 non
637 1341 760 1404 destitit
782 1347 890 1403 tamen
907 1344 1002 1420 atque
1016 1339 1047 1402 in
1062 1339 1148 1420 agris
1164 1338 1264 1402 habet
1280 1339 1377 1403 dilec-

216 1450 285 1509 tum
308 1445 465 1526 egentium
489 1463 526 1509 ac
549 1446 752 1526 perditorum.
802 1445 870 1508 Hac
893 1450 1002 1508 coacto
1030 1461 1135 1523 manu,
1164 1461 1380 1524 quoscumque

160 1550 283 1613 eadit
315 1569 353 1614 ex
386 1551 523 1630 civitate,
557 1551 598 1614 ad
630 1569 719 1614 suam
748 1549 939 1613 sententiam
967 1549 1126 1630 perducit;
1156 1549 1314 1626 hortatur,
1345 1555 1379 1611 ut

150 1705 154 1724 .
216 1656 392 1720 communis
427 1656 585 1720 libertatis
617 1674 712 1721 causa
743 1673 832 1719 arma
865 1655 1002 1735 capiant,
1037 1655 1221 1736 magnisque
1257 1654 1379 1734 coactis

217 1761 313 1842 copiis
337 1762 535 1826 adversarios
559 1779 642 1840 suos
666 1780 684 1825 a
708 1761 822 1841 quibus
846 1760 941 1841 paulo
964 1765 1038 1824 ante
1067 1770 1137 1824 erat
1167 1761 1297 1839 eiectus,
1329 1761 1378 1844 eir}
1416 1832 1420 1852 ἱ

182 1865 305 1946 opellit
328 1885 365 1930 ex
394 1868 531 1932 civitate.
579 1869 646 1932 Rex
676 1867 716 1931 ab
745 1866 809 1931 suis
841 1865 1029 1946 appellatur.
1078 1865 1217 1930 Dimittit
1251 1849 1421 1944 quoque

181 1981 327 2036 eversus
354 1971 542 2052 legationem
572 1974 762 2052 obtestatur,
795 1977 830 2036 ut
860 1972 893 2035 in
928 1969 989 2035 fide
1017 1974 1174 2035 rnaneant.
1222 1968 1377 2034 Celeriter

216 2077 275 2140 sibi
298 2075 446 2156 Senones
471 2079 618 2158 Parisios,
647 2078 802 2154 Pictones
835 2076 1003 2155 Cadurcos
1032 2077 1183 2152 Turonos
1215 2075 1377 2161 Aulercos,

164 2199 243 2205 μ-...ω-
251 2200 262 2204 ..
267 2194 462 2203 .«--------
523 2186 529 2216 )

160 2268 280 2334 junktiv.
306 2299 334 2306 —
357 2274 420 2321 ante
442 2269 564 2336 primaru
590 2269 741 2334 confectum
795 2267 977 2336 temptandum
992 2267 1144 2333 fortunam,
1158 2267 1376 2320 dasPronomeu
1458 2255 1459 2324 f

162 2354 300 2423 olptttom,
330 2359 445 2412 etuass
477 2356 536 2411 Uhr
566 2357 679 2412 abends.
708 2388 740 2395 -
796 2356 933 2412 bestimmt
952 2356 1011 2410 hier
1031 2357 1106 2411 nicbt
1126 2355 1174 2410 das
1195 2354 1293 2421 elnon,
1312 2370 1376 2409 son·
1458 2367 1459 2397 ι

163 2443 364 2509 Aruernorum,
391 2445 434 2498 ein
462 2445 615 2511 machtiger
643 2437 741 2499 Vollrs·
796 2446 864 2499 dern
884 2445 927 2499 die
949 2446 998 2499 Art
1017 2444 1187 2509 uncheise,
1206 2444 1257 2497 auf
1273 2443 1377 2497 welche
1458 2428 1459 2485 ἶ

75 2537 78 2540 ’
115 2528 121 2538 ’
163 2538 261 2585 stamm
290 2530 337 2585 des
366 2530 521 2586 keltischen
548 2532 670 2585 Galliens
698 2549 742 2586 am
796 2549 828 2588 es
846 2534 922 2588 nicht
953 2534 1083 2587 versu'cbt
1111 2532 1220 2587 werden
1244 2532 1313 2599 soll,
1343 2530 1377 2584 cl.

162 2617 256 2673 linken
276 2617 343 2672 Uter
371 2618 419 2673 des
444 2620 547 2673 oberen
564 2620 665 2674 Elaver
683 2620 742 2686 (Ab
797 2622 851 2675 Cic.
870 2621 905 2675 ad
933 2621 996 2678 iam.
1015 2622 1050 2673 11.
1069 2624 1128 2677 ul
1154 2620 1230 2673 Haec
1258 2620 1378 2686 negotia,

163 2705 233 2773 lier).
329 2707 331 2709 ’
796 2708 929 2777 quomodo
944 2709 1113 2776 rehabeant,
1132 2708 1298 2775 neepistula
1316 2707 1377 2773 qui·

197 2796 226 2848 4.
256 2798 279 2847 l.
304 2792 516 2862 Vercingetorix.
555 2782 628 2849 liber
647 2796 741 2850 diesen
796 2797 856 2850 dem
876 2812 989 2850 narrare
1008 2796 1102 2850 audeo.
1122 2825 1155 2834 —
1170 2795 1313 2863 Gergovia,
1334 2794 1378 2847 die

160 2881 272 2935 lruhnen
299 2881 470 2937 Hceritlbrer
499 2892 561 2951 sagt
593 2884 693 2939 Florus
719 2886 741 2939 Ι.
796 2882 1233 2953 HauptstadtderArverner,cl.
1253 2884 1331 2936 c.3t.
1352 2885 1377 2934 2.

162 2972 266 3024 tunm
285 2970 337 3023 Hic
350 2986 475 3038 corpore,
495 2973 579 3025 armis
592 2974 742 3040 spirituque
832 2976 856 3027 3.
883 2988 937 3025 noo
956 2972 1112 3028 destitit..
1136 2970 1248 3036 .bobet,
1266 2986 1301 3021 zu
1319 2968 1377 3021 die-

162 3057 294 3110 terribilis
314 3060 423 3112 nomine
437 3060 518 3112 etiam
539 3060 617 3125 quasi
637 3059 673 3112 ad
686 3068 743 3112 ter·
797 3075 854 3113 sem
879 3060 923 3114 bei
943 3060 970 3113 C.
997 3060 1075 3127 nicht
1091 3058 1222 3113 seltenen
1246 3057 1378 3124 Tempus·

133 3138 250 3197 'rorem
279 3147 437 3213 composito.
476 3147 531 3201 Der
563 3148 650 3201 Name
677 3147 743 3201 Ver·
797 3146 968 3202 uechselci.
989 3164 1011 3202 c.
1032 3150 1115 3200 121.
1136 3176 1169 3184 —
1188 3150 1281 3211 atque,
1305 3144 1377 3197 nach

162 3232 450 3299 cingetorix=valde
469 3233 742 3288 sortisdominus.-
798 3236 848 3289 der
876 3236 1012 3303 Negation
1040 3260 1075 3278 =
1101 3233 1266 3303 „sondern“‚
1295 3232 1329 3289 el.
1353 3248 1377 3287 c.

157 3320 348 3387 principatum
364 3320 472 3374 Galliac
485 3321 578 3386 totius,
599 3324 648 3375 mit
657 3321 741 3376 Hnlfe
796 3327 837 3378 76.
857 3328 873 3377 2
892 3339 1048 3391 omnesque.

163 3408 211 3461 der
235 3409 388 3462 Germanou
414 3408 511 3462 hatten
536 3408 578 3463 die
600 3410 741 3463 Arverner
831 3415 855 3465 6.
875 3410 1004 3477 Senones,
1024 3411 1160 3465 zwischen
1173 3408 1303 3483 ‘Sequina
1323 3406 1378 3460 und

162 3494 207 3548 die
219 3495 333 3549 Haduer
345 3496 502 3563 verdrtngt,
522 3498 556 3551 cf.
575 3498 596 3551 l.
615 3502 658 3551 31.
672 3503 741 3551 3.-
795 3500 880 3567 Liger
899 3498 1027 3555 sclshal.
1047 3528 1079 3537 -
1100 3497 1221 3561 Parisii,
1242 3495 1377 3550 zwiscben

162 3599 181 3635 o
211 3582 335 3649 ciuitate,
372 3600 425 3637 von
454 3582 503 3637 der
534 3585 741 3651 Burgersohaft,
795 3586 879 3642 asera
898 3583 953 3641 und
971 3584 1108 3654 Matrona,
1127 3602 1161 3639 zu
1179 3585 1278 3639 beiden
1291 3584 1377 3639 Uiern

141 3724 143 3728 .
163 3674 262 3727 ebenso
282 3672 297 3741 ς
317 3677 341 3727 3.
361 3701 395 3710 -
413 3674 568 3725 conuocatis
584 3673 642 3725 suis
660 3674 741 3725 clico-
796 3675 845 3729 dcr
864 3674 999 3741 Sequana.
1013 3702 1046 3711 -
1060 3673 1195 3738 Pictones,
1214 3689 1258 3727 am
1278 3672 1376 3738 Ocean,

163 3761 234 3814 tibus
259 3759 341 3827 focile
369 3758 506 3824 incendit,
536 3759 584 3813 der
613 3761 742 3827 ObJekts-
796 3761 1025 3831 sudliohronder
1038 3760 1376 3829 MundungdesLiger.-

162 3850 302 3903 accusatis
315 3849 353 3901 ist
366 3846 742 3917 eusdemvorhergebenden
798 3850 954 3915 Cadurcos,
975 3848 1128 3903 Grcnzvolk
1152 3848 1202 3903 der
1226 3854 1293 3902 rom.
1314 3850 1375 3901 Pro·

163 3937 223 3990 Abl.
237 3936 324 3990 absol.
343 3952 377 3989 zu
396 3936 569 4004 entnebmen,
587 3938 637 3991 wie
656 3936 743 3990 bitere
797 3939 858 3990 vinz
877 3938 986 4005 Narbo,
1010 3953 1056 3990 am·
1072 3935 1189 3991 Einlluls
1210 3937 1257 3991 des
1277 3935 1375 3990 Tarnis

164 4024 207 4078 bei
228 4023 266 4090 C.,
283 4022 319 4077 cf.
339 4040 362 4078 c.
381 4027 424 4078 29.
445 4030 467 4079 1.
488 4041 510 4079 c.
530 4028 574 4079 60.
597 4029 618 4080 l.
796 4027 824 4079 in
845 4026 886 4079 die
901 4026 1045 4080 Garumna.
1068 4054 1097 4064 -
1122 4022 1375 4089 Turonos-anbel-

198 4115 223 4165 2.
250 4112 426 4179 Prohibetur,
447 4113 507 4167 scil.
526 4129 562 4167 an
574 4113 623 4184 der
637 4112 743 4167 Scbild-
798 4112 850 4167 den
871 4112 957 4167 Ulern
976 4112 1023 4167 cles
1038 4111 1199 4166 Unterlauis
1218 4112 1267 4166 des
1286 4112 1375 4177 Liger,

163 4200 304 4269 orhebung
323 4217 410 4269 gegen
430 4202 472 4255 die
492 4202 600 4255 Romer.
620 4230 654 4239 —-
673 4201 743 4255 bunc
798 4200 987 4267 -Autercoa
1006 4201 1143 4254 zuischen
1157 4200 1218 4254 clem
1231 4197 1378 4254 Unterlaul
