2934 4750
160 164 202 224 42
632 175 673 230 De
691 174 764 230 bello
782 174 897 230 Gallico.

211 315 330 382 lerunt:
353 317 457 398 prime
479 322 512 382 et
527 317 664 382 secunda
680 317 776 397 acies,
800 324 836 382 ut
850 317 942 382 vietis
957 335 996 382 ao
1012 317 1175 382 summotis
1190 316 1376 397 resisteret,

212 422 316 500 tertia,
341 427 376 486 ut
397 422 558 488 venientes
582 422 763 488 sustineret

179 547 192 596 1
301 531 352 594 26.
386 526 435 592 Ita
462 528 592 610 ancipiti
618 528 737 610 proelio
769 527 823 592 diu
852 533 948 609 atque
971 527 1089 594 aeriter
1110 531 1283 609 pugnatum
1310 531 1372 594 est.
1459 592 1460 617 ξ

213 632 338 697 Diutius
369 651 440 697 oum
467 634 623 698 sustinere
652 638 833 701 nostrorum
856 633 993 715 impetus
1015 651 1077 698 non
1100 638 1241 714 possent,
1272 633 1377 697 alteri

212 755 254 816 se,
276 743 312 802 ut
334 745 512 819 coeperant,
535 739 568 802 iu
590 744 728 804 montem
749 748 948 821 receperunt,
972 737 1067 804 alteri
1082 737 1125 802 ad
1140 737 1374 820 impedimenta

175 853 245 914 aet
268 862 374 909 carros
397 863 470 910 suos
494 863 529 910 se
553 845 763 912 contulerunt.
800 843 883 909 Nam
905 844 964 909 hoo
986 849 1054 909 toto
1077 843 1206 926 proelio,
1230 861 1302 910 oum
1329 843 1377 908 ab
1459 852 1460 935 J

211 949 288 1014 hora
310 950 446 1031 septima
469 951 510 1015 ad
532 968 699 1032 vesperum
722 955 897 1032 pugnatum
921 950 970 1028 sit,
1004 967 1150 1014 aversum
1174 949 1298 1014 hostem
1325 948 1378 1013 vi—

176 1073 192 1124 3
212 1054 285 1120 dere
308 1073 399 1121 nemo
422 1057 533 1137 potuit.
579 1055 627 1120 Ad
650 1056 783 1121 multam
806 1063 931 1121 noetem
955 1056 1050 1120 etiam
1075 1055 1116 1120 ad
1139 1055 1378 1137 impedimenta

210 1169 383 1241 pugnarum
411 1167 469 1242 est,
500 1169 671 1245 propterea
700 1162 785 1244 quod
811 1179 869 1243 pro
893 1160 974 1226 vallo
998 1178 1104 1226 carros
1129 1161 1314 1226 obiecerant
1339 1166 1378 1224 et
1459 1168 1460 1171 ’

210 1284 228 1330 e
251 1265 320 1332 loco
344 1267 504 1349 superiore
527 1269 560 1332 in
583 1274 708 1334 nostros
728 1268 892 1333 venientes
915 1266 981 1332 tela
1003 1266 1210 1346 coniciebant,
1234 1271 1267 1331 et
1290 1281 1374 1330 nou-

210 1371 288 1436 nulli
317 1373 401 1437 inter
431 1391 538 1438 carros
569 1379 719 1454 rotasque
749 1377 890 1438 mataras
921 1391 958 1438 ao
991 1371 1135 1454 tragulas
1169 1370 1377 1436 subiciebant
1459 1394 1460 1463 3

175 1495 192 1545 4
210 1482 398 1559 nostrosque
412 1478 629 1544 vulnerabant.
657 1479 720 1544 Diu
735 1497 807 1545 oum
823 1485 909 1544 esset
922 1485 1109 1562 pugnatum,
1130 1476 1377 1558 impedimentis
1459 1482 1460 1571 }

211 1583 384 1662 castrisque
413 1584 514 1648 nostri
541 1585 634 1666 potiti
655 1589 740 1649 sunt.
786 1583 835 1648 lbi
857 1583 1055 1666 Orgetorigis
1077 1581 1142 1648 filia
1164 1589 1260 1663 atque
1283 1598 1374 1645 unus
1459 1610 1460 1613 ¹

175 1703 191 1756 5
210 1705 227 1752 e
249 1684 322 1754 filiis
345 1695 456 1770 eaptus
479 1697 537 1756 est.
571 1691 618 1754 Ex
639 1707 676 1755 eo
699 1689 818 1773 proelio
834 1690 958 1756 circiter
974 1690 1133 1755 hominum
1148 1687 1236 1752 milia
1251 1684 1376 1751 CXXX
1459 1756 1460 1759 ,

210 1791 433 1874 superfuerunt
448 1813 547 1875 eaque
562 1802 631 1861 tota
646 1801 739 1861 noete
755 1784 958 1887 eontinentur
972 1796 1093 1876 iemnt3
1107 1793 1227 1859 nullam
1243 1797 1371 1873 partem
1459 1782 1460 1821 ³

210 1898 311 1963 noetis
333 1900 446 1965 itinere
468 1901 648 1966 intermisso
671 1901 704 1966 in
727 1898 806 1965 fines
821 1901 999 1983 Lingonum
1020 1901 1072 1965 die
1087 1903 1200 1981 quarto
1215 1914 1374 1980 perveue·
1459 1914 1460 1917 ’

209 2008 292 2085 runt,
324 2023 394 2070 eum
422 2009 454 2071 et
481 2011 612 2091 propter
640 2007 774 2071 vulnera
802 2006 937 2072 militum
961 2016 994 2071 et
1017 2017 1147 2088 propter
1169 2002 1370 2086 sepulturam
1459 2058 1460 2061 ,

157 2230 254 2300 haifst,
277 2247 308 2287 so
332 2231 461 2287 bedeutet
486 2248 569 2288 unser
587 2233 759 2299 nundinet,
789 2249 888 2288 manen
913 2232 960 2302 (ef.
985 2233 1033 2287 lv,
1054 2236 1093 2286 14.
1112 2230 1141 2301 4)
1167 2229 1289 2300 pflegtan
1308 2229 1374 2284 eine

158 2318 223 2387 ,mit
249 2319 325 2372 einer
352 2318 542 2388 Sohwenkung
568 2319 735 2390 angreifen“.
788 2321 1017 2391 Wagenburgzu
1036 2318 1227 2389 30100300.-
1251 2316 1372 2372 eoum-
1459 2308 1460 2365 ἶ

156 2405 262 2461 Jedooh
282 2406 359 2462 nieht
376 2408 420 2463 die
439 2410 617 2481 ganzelaeies
635 2410 735 2479 triplex
788 2410 870 2475 bant,
894 2409 1077 2478 conjiciebant
1098 2424 1132 2463 zu
1156 2408 1245 2476 lesen,
1270 2407 1308 2463 da
1326 2405 1372 2461 die
1459 2413 1460 2454 i

156 2494 263 2548 maobte
288 2494 364 2550 diese
388 2496 591 2566 Schwenkuug,
616 2498 735 2554 sonderu
787 2497 871 2552 Alton
889 2497 934 2551 fur
948 2498 973 2566 ji
991 2513 1043 2551 nur
1061 2498 1071 2551 i
1090 2496 1243 2552 sobrieben.
1258 2524 1291 2533 -·
1312 2509 1369 2547 mo-
1459 2513 1460 2546 ς

156 2597 209 2635 nur
233 2580 283 2636 das
306 2581 389 2637 dritta
408 2583 519 2639 Treffen
543 2586 651 2641 wandte
676 2587 734 2641 sich
786 2589 865 2638 toros
887 2600 920 2638 oe
942 2586 1075 2654 tragulas,
1102 2584 1239 2639 keltiaeho
1253 2583 1371 2637 Lauzeu
1459 2611 1460 2638 ;

157 2670 206 2723 mit
231 2670 278 2724 der
302 2670 390 2724 Front
412 2671 482 2725 neeb
506 2670 661 2742 Nordwest,
689 2690 735 2727 um
787 2671 1085 2742 mitlangem,breitem
1093 2669 1369 2741 Eisemdietragula

158 2758 201 2812 die
213 2757 422 2813 anstbrmenden
437 2758 521 2827 Bojer
535 2759 590 2814 und
602 2760 735 2829 Tulinger
788 2760 864 2815 hatte
888 2761 969 2816 einen
987 2760 1172 2817 Wurfriemen
1196 2756 1371 2827 (amentum).
1459 2829 1460 2834 η

156 2846 363 2913 aufzunebmen,
382 2846 513 2901 w'ahrend
531 2846 580 2905 das
593 2849 735 2903 ersteund
823 2850 848 2905 5.
878 2848 986 2903 eireiter
1003 2848 1080 2902 mrito
1097 2848 1232 2902 bomirmm
1252 2843 1371 2901 OXXX

155 2934 367 2990 zweiteTreffen
377 2936 453 2991 seine
463 2935 735 3006 bisherigeStellung
787 2936 991 3003 superfuerunt.
1019 2936 1062 2990 Da
1080 2942 1161 2990 unter
1173 2934 1222 2989 der
1234 2934 1306 2989 Zahl
1319 2933 1367 2988 der

157 3022 300 3089 innobielt,
324 3040 369 3077 um
393 3022 446 3077 den
465 3023 623 3079 Helvetium
642 3025 735 3093 (vietis
787 3022 1046 3092 Ausgewanderteu
1058 3022 1161 3079 uelohe
1172 3022 1244 3077 nauh
1256 3038 1279 3078 o.
1292 3025 1338 3077 29.
1351 3023 1370 3073 2

156 3126 188 3165 ao
207 3110 352 3179 submotis)
370 3126 404 3165 zu
422 3110 570 3179 begegnen.
591 3142 622 3152 -
642 3111 735 3181 04])ον-
788 3113 901 3166 368000
919 3112 1031 3179 betrug,
1058 3127 1109 3165 nur
1127 3113 1223 3165 92000
1245 3108 1368 3165 Waffen-

156 3199 216 3265 tito,
240 3198 435 3268 urspringiioh
460 3200 504 3253 ein
528 3200 590 3255 Abi.
609 3201 667 3258 abs.
687 3201 735 3256 des
787 3198 880 3267 ibbige
896 3199 955 3254 aieh
967 3198 1110 3268 befanden,
1129 3215 1160 3254 so
1173 3206 1284 3253 mussan
1296 3197 1369 3252 viele

155 3286 386 3355 unpersbnliehen
404 3287 480 3342 Part.
498 3288 571 3343 Peri.
788 3286 901 3341 Weiber
912 3286 1369 3355 uudKinderumgekommeusein,

190 3426 237 3483 a·
270 3426 735 3498 1·mooroe12·0›1meoen-
787 3374 1369 3519 nuimornttuu

155 3515 246 3570 lichen
271 3514 361 3571 Sinna.
393 3514 427 3570 of.
452 3532 474 3571 o.
494 3520 537 3571 25.
557 3521 573 3572 7
597 3518 735 3585 bipartito.
788 3550 875 3605 haben
890 3480 1245 3606 fnuuamgmemmcgss
1263 3553 1366 3606 ΜΘΗ

156 3604 208 3657 Die
217 3602 348 3657 Sublaoht
361 3603 447 3658 hetin
461 3604 513 3658 den
525 3604 629 3659 letaten
639 3606 735 3675 Tagen
787 3638 849 3693 Ten
879 3590 983 3693 'wohl
1013 3566 1063 3692 dgr)
1092 3639 1198 3708 ΝΜ,
1229 3591 1273 3695 d'ie
1303 3638 1364 3692 dem

158 3691 205 3745 des
224 3690 290 3745 Juni
309 3690 523 3759 stuttgefunden.
788 3726 983 3796 gcfflgehmge
1012 3726 1112 3796 fopgte,
1141 3726 1184 3783 ⁸15
1214 3728 1287 3781 auch
1315 3726 1366 3779 der

190 3801 214 3851 2.
242 3796 315 3849 uam
334 3796 485 3865 nepueu
510 3797 554 3851 ue
573 3797 733 3853 insuetae
786 3813 933 3884 rorgenuen
956 3815 1015 3870 ner
1037 3816 1152 3872 utute.
1182 3844 1216 3855 -
1246 3816 1276 3868 in
1297 3814 1367 3881 pm
1459 3809 1460 3814 ‘

156 3898 186 3937 se
204 3888 367 3952 receperunt
383 3883 439 3938 und
458 3899 496 3943 se,
507 3883 688 3941 contulerunt.
699 3914 733 3926 —
786 3902 952 3971 Qum,
979 3904 1031 3959 Die
1043 3904 1186 3973 hingone„
1197 3904 1324 3959 wohngen
1335 3901 1363 3954 in

155 3985 278 4045 aversum
297 3993 328 4015 ²
348 3970 505 4039 fugientem·
788 3990 848 4045 dem
859 3989 1030 4058 Quebgebiet
1043 3991 1198 4046 derMnme
1210 3990 1364 4054 undSeine;
1459 4039 1460 4048 ,

191 4078 215 4129 3.
235 4075 404 4130 Admultouu
417 4082 519 4131 nortem
532 4078 566 4133 ei.
580 4095 613 4131 zu
626 4095 647 4133 o.
657 4084 699 4133 22.
708 4082 733 4134 4.
787 4079 831 4133 ihr
848 4077 956 4145 Gebiet,
978 4078 1147 4133 nordostlioh
1165 4094 1217 4133 von
1236 4078 1296 4143 dem
1315 4076 1364 4130 der
1459 4115 1460 4118 ,

157 4192 187 4202 -
203 4178 259 4230 pro
270 4163 340 4217 natm
352 4164 388 4219 of.
401 4182 436 4219 zu
450 4182 473 4221 e.
485 4168 527 4221 22.
541 4170 566 4224 4.
585 4196 619 4205 -
638 4180 733 4219 corros
787 4157 890 4234 Xduer,
909 4166 1059 4220 umsohiois
1078 4166 1211 4235 uugefohr
1229 4167 1279 4221 das
1297 4166 1362 4218 heu·

155 4250 315 4308 obiecerant.
353 4253 458 4310 Gallier
477 4255 580 4311 sowohl
598 4254 648 4309 wie
668 4252 733 4308 Ger·
787 4254 844 4321 tige
863 4254 1062 4322 Departement
1080 4253 1109 4308 ia
1127 4254 1217 4309 Haute
1235 4255 1341 4310 Marna.
