2934 4750
175 183 224 244 '28
652 197 695 250 De
713 197 786 251 bello
806 197 921 252 Gallico.

234 334 408 402 aGaesare
423 339 547 403 remissi
567 345 683 415 esseut,
707 356 788 419 quos
804 339 963 404 Aduatuci
978 339 1122 404 obsidum
1140 358 1267 404 numero
1285 339 1394 404 missos

199 463 216 513 3
235 444 319 524 apud
338 461 373 508 se
387 445 420 508 in
436 445 587 509 servitute
602 452 636 509 et
650 445 771 509 catenis
785 446 974 523 tenuissent3
999 463 1100 526 neque
1120 445 1164 524 id,
1187 445 1270 526 quod
1287 445 1396 510 fecerit

235 549 275 614 de
292 551 526 631 oppugnatione
540 558 727 631 castrorum,
751 559 807 615 aut
822 551 937 616 iudicio
951 556 1009 616 aut
1024 552 1187 616 voluntate
1203 549 1395 630 subiecisse,

234 655 291 719 sed
306 665 418 720 coactu
435 657 581 734 civitatis,
605 673 725 736 suaque
742 642 813 720 esse
829 656 982 721 eiusmodi
997 657 1138 737 imperia,
1163 664 1276 720 utnon
1293 658 1396 720 minus

234 759 367 825 haberet
399 761 477 825 iuris
509 763 541 826 in
573 780 609 827 ae
639 761 820 843 multitudo,
852 780 947 843 quam
981 762 1048 843 ipse
1082 763 1115 826 in
1149 761 1395 828 multitudinem.
1456 805 1457 828 r

198 886 216 934 4
235 854 363 930 Civitati
392 885 485 947 porro
515 867 597 932 hanc
618 865 715 932 fuisse
739 867 813 932 belli
837 885 975 946 causam,
1006 869 1090 948 quod
1113 867 1300 949 repentinae
1324 867 1396 933 Gal·

198 1026 200 1029 .
234 971 336 1036 lorum
368 974 578 1039 coniurationi
610 975 760 1038 resistere
794 991 855 1038 non
891 974 1037 1054 potuerit.
1090 972 1127 1037 ld
1161 993 1195 1038 se
1228 972 1327 1038 facile
1362 993 1397 1036 ex

234 1076 414 1142 bumilitate
447 1096 506 1142 sua
538 1080 673 1159 probare
705 1096 806 1160 posse,
840 1079 925 1160 quod
957 1097 1020 1142 non
1049 1079 1128 1144 adeo
1160 1080 1201 1143 sit
1232 1081 1398 1161 imperitus

235 1201 350 1261 rerum,
373 1191 410 1248 ut
425 1185 491 1248 suis
507 1186 605 1265 copiis
620 1183 771 1267 populum
787 1184 964 1249 Romanum
981 1185 1124 1265 superari
1140 1202 1231 1266 posse
1248 1182 1396 1250 confidat.

198 1305 216 1355 5
235 1287 299 1353 Sed
322 1307 391 1353 esse
406 1289 529 1355 Galliae
545 1308 708 1355 commune
725 1291 906 1355 consilium:
930 1290 1073 1355 omnibus
1095 1289 1235 1355 hibernis
1251 1288 1398 1355 Caesaris

235 1395 456 1475 oppugnandis
483 1395 566 1460 hunc
596 1414 666 1461 esse
689 1396 807 1461 dictum
830 1397 924 1474 diem,
954 1415 993 1460 ue
1016 1413 1079 1476 qua
1101 1396 1184 1478 legio
1207 1396 1334 1461 alterae
1357 1395 1397 1458 le-

198 1501 319 1582 ogioni
349 1501 502 1566 subsidio·
520 1503 627 1566 venire
654 1508 771 1583 posset.
818 1502 888 1566 Non
912 1500 1002 1566 facile
1026 1500 1133 1567 Gallos
1156 1502 1256 1568 Gallis
1281 1519 1398 1583 negare

235 1607 386 1687 potuisse,
410 1607 598 1686 praesertim
614 1625 684 1671 curn
701 1607 740 1672 de
757 1607 972 1688 recuperanda
988 1607 1143 1671 communi
1163 1606 1313 1672 libertate
1330 1623 1397 1669 cou-

201 1712 339 1777 rsilium
370 1712 483 1776 initum
512 1712 681 1778 videretur.
735 1711 857 1788 Quibus
888 1711 1035 1794 quoniam
1066 1729 1123 1793 pro
1154 1713 1276 1794 pietate
1308 1711 1396 1774 satis·

236 1817 355 1896 fecerit,
379 1817 497 1882 habere
520 1836 602 1882 nunc
625 1836 659 1882 se
683 1819 838 1883 rationem
862 1816 959 1882 officii
981 1836 1038 1899 pro
1061 1814 1220 1882 beneficiis
1237 1815 1395 1882 Caesaris:

205 1960 208 1965 ·
236 1942 373 2003 monere,
396 1941 488 1988 orare
512 1923 667 1988 Titurium
691 1941 749 2006 pro
773 1923 918 2004 hospitio,
942 1932 978 1988 ut
1001 1941 1077 1988 suae
1097 1942 1133 1988 ac
1149 1923 1286 1988 militum
1304 1921 1396 1987 saluti

201 2029 392 2096 sconsulst.
439 2029 589 2110 Magnam
618 2048 747 2093 manum
778 2028 1008 2094 Germanorum
1039 2030 1223 2094 conductam
1253 2027 1396 2094 Rhenum

203 2135 406 2212 stransisse3
428 2135 511 2199 hanc
531 2134 639 2200 adfore
661 2135 767 2201 biduo.
807 2135 951 2216 Ipsorum
975 2153 1044 2210 ease
1060 2134 1234 2213 consilium,
1258 2133 1394 2200 velintne

238 2242 335 2322 prius,
368 2259 462 2321 quam
493 2240 618 2305 finitimi
647 2243 796 2321 sentiant,
828 2242 959 2307 eductos
982 2260 1020 2305 ex
1042 2241 1180 2306 hibernis
1203 2240 1322 2306 milites
1346 2244 1392 2303 aut

238 2347 281 2413 ad
303 2345 487 2412 Ciceronem
510 2355 567 2412 aut
590 2347 629 2412 ad
653 2347 826 2413 Labienum
851 2348 1016 2429 deducere,
1050 2365 1183 2429 quorum
1207 2346 1293 2411 alter
1316 2342 1393 2410 milia

237 2470 390 2535 passuum
413 2454 537 2517 circiter
560 2454 800 2535 quinquaginta,
826 2454 908 2519 alter
930 2454 1025 2535 paulo
1040 2454 1177 2535 amplius
1193 2452 1234 2517 ab
1250 2453 1291 2517 iis
1310 2450 1394 2515 absit.

187 2572 219 2623 10
237 2558 320 2624 Illud
343 2576 378 2623 se
389 2558 534 2640 polliceri
554 2567 586 2623 et
609 2559 812 2624 iureiurando
836 2557 1022 2625 confirmare
1045 2565 1150 2623 tutum
1172 2560 1233 2622 iter
1249 2578 1308 2640 per
1323 2555 1394 2621 fines

189 2669 221 2718 11
238 2666 394 2732 daturum.
435 2664 526 2743 Quod
549 2664 747 2745 sumserint,
771 2673 803 2730 et
827 2667 945 2731 civitati
967 2682 1037 2731 sase
1053 2663 1226 2743 consulere,
1252 2664 1339 2744 quod
1354 2660 1395 2725 hi·

186 2857 430 2927 Sprschgebraueh
458 2864 528 2911 statt
556 2857 619 2923 sibi,
646 2856 681 2915 cf.
699 2858 721 2915 l.
740 2860 765 2911 5.
819 2858 899 2911 Nach
918 2859 1008 2912 soiner
1026 2857 1140 2923 eigenen
1159 2856 1395 2923 Entschuldiguug

185 2951 247 3001 4ιι.
266 2952 291 3000 ῡ.
311 2976 343 2985 -
364 2944 485 2998 obsidum
506 2961 619 2998 numero
643 2970 678 2989 =
696 2946 766 2999 obsi·
819 2946 886 3015 geht
906 2945 1050 2999 Ambiorix
1069 2944 1202 2998 nunmehr
1229 2944 1300 2998 dazu
1325 2943 1395 3003 liber,

186 3036 248 3089 dum
266 3036 328 3089 loco
348 3051 369 3089 e.
380 3038 404 3087 5.
417 3038 445 3098 4,
464 3032 497 3087 cf.
509 3032 541 3087 Ε.
555 3032 581 3086 S.
598 3036 646 3087 134
659 3035 766 3087 Αιιιιι.3
820 3035 863 3088 die
900 3033 1095 3092 antuomische
1126 3032 1282 3099 Gesinnung
1312 3033 1394 3086 seiner

187 3124 214 3179 S.
233 3124 277 3177 W.
297 3126 349 3177 233
371 3125 393 3176 1,
413 3122 478 3175 Zus.
820 3122 1091 3190 Stammesgenossen
1120 3136 1153 3173 zu
1182 3119 1394 3187 entschuldigen.

221 3215 246 3270 3.
264 3212 367 3280 feeerit,
385 3210 454 3264 iiber
473 3209 524 3263 dan
537 3210 581 3264 bei
594 3209 622 3264 0.
635 3209 766 3277 htiuligen
820 3240 853 3249 -
866 3210 1000 3278 potuerit,
1020 3209 1090 3263 ohne
1111 3208 1263 3263 Rdeksieht
1290 3208 1341 3263 auf
1357 3205 1394 3259 die

186 3299 317 3354 Wechsel
342 3299 391 3352 der
410 3298 547 3366 Tempora
573 3299 601 3372 in
628 3298 676 3351 der
695 3305 766 3351 orat.
820 3298 900 3353 Cous.
927 3306 1018 3366 temp,
1045 3298 1080 3351 cl‘.
1098 3296 1120 3352 1.
1149 3300 1191 3365 11,
1220 3299 1235 3350 3
1258 3294 1395 3351 debuerint

186 3388 268 3455 obliq.
288 3386 322 3440 ol.
341 3387 363 3443 1.
384 3390 425 3440 14.
445 3389 470 3440 5.
496 3415 530 3423 -
550 3385 582 3437 dc
600 3385 767 3455 oppupaatr'·
822 3386 882 3443 VII.
902 3388 944 3439 33.
964 3388 980 3439 3
1000 3385 1161 3452 oportuerit.

187 3492 246 3540 orae,
259 3474 458 3529 rdcksichtlich
469 3474 517 3528 der
527 3474 721 3539 Eratiirmung.
736 3502 764 3512 -
856 3477 881 3531 5.
900 3472 1012 3539 alterae,
1026 3474 1085 3527 eine
1098 3472 1305 3527 altertbmliche
1318 3472 1394 3526 Form

186 3580 290 3631 suaque
307 3562 423 3630 imperio
443 3564 519 3631 „sein
539 3561 713 3630 Regiment“;
738 3576 767 3615 es
820 3561 869 3616 dea
889 3562 978 3616 Dativ.
998 3560 1033 3619 cf.
1053 3560 1098 3615 VI.
1120 3564 1159 3614 13.
1180 3565 1192 3614 1
1213 3560 1296 3615 nullo.

187 3651 261 3705 steht
277 3649 584 3715 derPluralweilsich
600 3648 767 3704 desselbeiu
856 3652 881 3703 7.
907 3664 962 3717 pro
988 3648 1108 3717 piatam,
1145 3648 1236 3702 model
1278 3642 1394 3717 „gemala

186 3737 401 3793 verschiedeneu
408 3738 499 3793 Akten
516 3737 632 3803 iussam,
643 3736 678 3791 cf.
693 3737 714 3791 Ι.
724 3740 767 3789 31.
821 3739 912 3792 seiner
940 3736 1204 3805 Vaterlandsliebe“‚
1231 3736 1331 3791 ebenso
1349 3746 1393 3802 pro

189 3832 230 3882 13.
261 3827 319 3895 Que
337 3828 374 3881 ist
392 3827 452 3881 hier
471 3826 638 3895 explikativ3
657 3840 687 3879 es
705 3824 767 3892 ibgt
820 3826 955 3894 hospiti03
987 3825 1109 3893 dagcgen
1128 3824 1212 3879 oflicii
1231 3840 1282 3893 pro
1301 3817 1394 3877 benefi-

189 3918 234 3971 die
253 3915 447 3985 begriindende
465 3916 627 3982 Erkldrung
653 3913 767 3967 audem
821 3914 870 3969 ciis
901 3912 1124 3984 „Verpflichtnng
1154 3912 1200 3966 fiir
1232 3912 1275 3967 die
1307 3907 1392 3966 Wohl·

188 4003 451 4071 Vorhergeheuden.
822 4002 944 4056 thaten“.

222 4095 248 4149 4.
274 4105 362 4159 porro
393 4090 459 4160 „des
477 4092 617 4159 weiteren‚
647 4089 767 4156 ferner“‚
856 4094 882 4145 8.
900 4091 1062 4145 conductum
1080 4090 1137 4144 scil.
1156 4088 1289 4144 mercede.

187 4178 337 4233 vermittelt
354 4180 382 4233 in
402 4179 451 4233 der
464 4179 768 4246 Auaeinanderaetzung
857 4183 882 4233 9.
902 4178 1031 4246 Ipsorum
1102 4192 1186 4246 penes
1205 4178 1290 4245 ipsos,
1308 4176 1335 4229 in
1352 4172 1393 4226 der

188 4266 241 4321 deu
251 4254 399 4336 l'lbergang
408 4284 444 4321 zu
454 4268 542 4321 einem
553 4282 641 4321 neuen
652 4267 767 4321 Puukte.
822 4265 903 4320 Hand
916 4266 964 4321 der
977 4266 1101 4335 Legaten
1114 4264 1230 4319 Sabinus
1243 4264 1298 4318 und
1312 4263 1392 4319 bocca.
