2934 4750
549 199 649 255 comm.
670 200 729 256 vn.
749 201 862 255 ao-rr.
1081 165 1085 174 ’
1232 180 1234 182 '
1269 189 1311 250 aa

96 361 234 425 onesque
250 361 307 424 pro
325 343 438 407 castris
455 343 628 423 constituit,
652 362 692 408 ne
708 360 771 424 qua
787 342 892 414 subito
910 343 1049 423 inruptio
1066 343 1106 407 ab
1122 333 1265 408 hostium.

95 448 239 530 peditatu
256 446 321 514 fiat.
367 448 530 514 Praesidio
547 449 705 529 legionum
721 447 829 513 addito
847 448 1095 514 nostrisanimus
1108 453 1257 529 augetur3
1277 458 1292 507 3

95 552 203 619 hostes
225 554 258 618 in
281 552 388 634 fugam
419 554 552 619 coniecti
575 571 609 619 se
637 554 698 636 ipsi
726 553 929 618 multitudine
958 550 1136 634 impediunt
1163 559 1259 633 atque

95 659 332 739 angustioribus
370 660 470 740 portis
509 664 702 726 coartantur.
763 659 914 723 Germani
946 659 1052 723 aerius
1084 676 1186 739 usque
1218 656 1293 723 adl

86 764 286 845 ‚munitiones
299 746 485 845 sequuntur.
521 763 583 829 ¹Fit
600 783 714 846 magna
730 765 859 846 caedes3
875 763 1018 829 nonnulli
1034 764 1153 828 relictis
1169 764 1258 844 equis
1277 772 1294 824 5

95 868 213 934 fossam
237 870 374 935 transire
398 876 432 935 et
455 870 627 935 maceriam
658 864 886 934 transcendere
916 875 1080 935 conantur.
1126 868 1259 932 Paulum

94 975 237 1057 legiones
260 974 387 1055 Caesar,
412 978 492 1057 quas
516 994 574 1058 pro
597 975 686 1040 vallo'
706 976 923 1054 constituerat,
952 976 1130 1056 promoveri
1160 975 1257 1040 iubet.

95 1080 168 1144 Non
197 1081 310 1161 minua,
344 1082 398 1161 qui
429 1082 515 1146 intro
545 1083 736 1147 munitiones
768 1086 868 1159 erant,
900 1081 1129 1161 perturbantur
1157 1075 1294 1145 Galli:e

96 1186 196 1251 veniri
220 1186 261 1250 ad
285 1204 318 1250 se
342 1185 503 1253 confestim
527 1187 743 1275 existimantes
767 1188 808 1251 ad
832 1205 922 1251 arma
937 1185 1158 1279 ‘conclamant3
1182 1204 1260 1251 non·

96 1291 176 1355 nulli
192 1293 353 1372 perterriti
364 1294 397 1356 in
413 1293 562 1374 oppidum
573 1294 768 1373 inrumpunt.
791 1276 1032 1373 Vercingetorix
1047 1291 1136 1357 iubet
1150 1297 1259 1373 portas
1278 1301 1294 1351 7

96 1395 264 1475 claudiae
281 1403 388 1463 castra
403 1399 572 1465 nudentur.
619 1398 728 1464 Multis
745 1397 928 1480 interfectio,
946 1398 1158 1479 compluribus
1172 1397 1260 1477 equis

96 1504 198 1584 captis
222 1502 373 1569 Germani
397 1521 466 1569 sese
489 1505 655 1585 recipiunt.
674 1554 675 1557 ,

206 1632 258 1693 71.
297 1628 545 1707 Vercingetorix,
562 1629 749 1708 priusquam
760 1627 953 1691 munitiones
964 1626 1004 1691 ab
1021 1625 1171 1703 Remanis
1187 1642 1258 1705 per·
1279 1634 1291 1682 1

96 1729 253 1812 ficiuntur,
278 1733 442 1798 consilium
466 1735 550 1815 capit
573 1752 696 1799 omnem
720 1734 761 1797 ab
784 1750 818 1797 se
842 1733 1021 1813 equitatum
1045 1737 1140 1794 noctu
1156 1719 1260 1793 dimit·

96 1840 175 1903 tere.
222 1838 466 1905 Discedentibus
489 1840 628 1918 mandat,
654 1843 688 1903 ut
710 1856 802 1903 suam
825 1840 958 1918 quisque
975 1854 1084 1902 eorum
1102 1836 1259 1899 civitatem
1279 1845 1295 1894 a

98 1941 196 2006 adeat
217 1942 397 2025 omnesque,
422 1946 476 2026 qui
499 1964 556 2028 per
571 1950 709 2011 aetatem
725 1963 816 2009 arma
831 1943 914 2008 ferre
929 1942 1062 2025 possint,
1087 1942 1128 2005 ad
1143 1940 1260 2005 bellum

98 2054 224 2129 cogant.
271 2050 336 2115 Sua
358 2052 391 2116 in
415 2051 486 2116 illos
515 2052 631 2117 merita
655 2052 805 2132 proponit
834 2048 1086 2129 obtestaturque,
1118 2053 1154 2110 ut
1181 2056 1296 2111 suaet

98 2152 211 2221 salutis
234 2156 387 2221 rationem
411 2156 559 2239 habeant,
582 2176 644 2221 neu
668 2174 702 2221 se
726 2157 846 2243 optime
870 2154 909 2219 de
934 2147 1099 2219 communi
1114 2151 1261 2218 libertate

98 2260 246 2324 meritum
269 2260 413 2328 hostibus
436 2263 468 2326 in
492 2263 665 2328 cruciatum
683 2262 812 2327 dedant.
858 2259 950 2337 Quod
966 2260 994 2323 si
1009 2258 1262 2339 indiligentiores

98 2361 225 2445 fuerint,
259 2368 346 2433 milia
381 2368 540 2434 hominum
576 2368 700 2446 delecta
734 2386 818 2433 xxxx
851 2386 915 2432 una
950 2382 1057 2431 secum
1091 2352 1262 2430 interitura

100 2469 305 2541 demonstrat.
351 2468 494 2539 Ratione
512 2475 590 2539 inita
605 2472 812 2538 trumentum
840 2491 875 2538 se
905 2473 1016 2552 exigue
1046 2471 1167 2535 dierum
1196 2480 1297 2538 xxxa

98 2575 225 2657 habere,
249 2581 305 2645 sed
329 2580 423 2661 paulo
448 2580 544 2645 etiam
567 2579 692 2660 longius
716 2579 856 2644 tolerare
877 2560 970 2660 posse
994 2577 1164 2658 parcendo.
1203 2575 1296 2639 Hiso

99 2681 184 2747 datis
206 2686 374 2764 mandatis,
398 2703 461 2766 qua
483 2691 627 2751 nostrum
657 2702 738 2767 opus
770 2691 840 2749 erat
867 2684 1092 2773 intermissum,
1123 2679 1262 2744 secunda

98 2788 206 2870 vigilia
233 2789 358 2856 silentio
391 2792 567 2873 equitatum
601 2791 743 2856 dimittit.
795 2773 1004 2854 Frumentum
1032 2805 1124 2851 omne
1155 2786 1196 2850 ad
1226 2795 1298 2848 sea

99 2891 211 2958 referri
234 2894 320 2960 iubet
327 2925 334 2978 ;
359 2897 470 2978 capitis
494 2915 627 2979 poenam
647 2897 699 2976 iis,
723 2897 777 2978 qui
799 2914 861 2960 non
878 2893 1054 2977 paruerint,
1078 2889 1260 2969 constituit;

99 3018 208 3081 pecua,
233 3003 319 3066 cuius
343 3021 459 3084 magna
482 3007 552 3068 erat
574 3003 664 3084 copia
688 3021 707 3066 a
732 3000 913 3066 Mandubiis
943 2997 1115 3080 compulsa,
1144 2995 1297 3087 viritim7

101 3213 177 3279 dern,
209 3213 284 3266 ihrer
305 3212 436 3280 ,Raiterei
466 3229 515 3268 aur
542 3212 618 3268 llilfe
647 3230 681 3266 nu
737 3212 797 3266 dem
825 3210 973 3279 partitiren
996 3209 1111 3275 quiaque
1137 3205 1178 3260 ala
1197 3204 1316 3273 Subjekt

99 3301 236 3356 kommen.
257 3329 287 3339 —
309 3301 434 3368 inruptio
455 3289 628 3369 „Vol-stols&
735 3299 822 3354 findet
847 3299 905 3352 sich
934 3298 970 3350 im
998 3296 1112 3350 aweiten
1142 3293 1239 3348 Gliede
1268 3293 1316 3346 des

137 3393 161 3444 3.
180 3390 386 3460 apparatioribus
399 3391 500 3458 portis,
521 3405 550 3444 es
565 3389 625 3444 sind
639 3389 682 3443 die
736 3387 832 3441 Setaea
851 3386 899 3439 das
915 3384 995 3438 Verb.
1014 3384 1051 3436 im
1070 3381 1180 3449 Plural,
1199 3381 1249 3435 wie
1260 3379 1316 3434 bis·

101 3477 193 3532 There
213 3477 261 3534 der
280 3480 377 3532 Mauer
395 3478 551 3547 (maceriat,
581 3477 681 3532 welche
735 3475 830 3528 weilen
858 3474 902 3528 hei
933 3471 1039 3526 andern
1070 3470 1219 3538 partitiren
1245 3469 1316 3522 Aua·

101 3566 151 3620 das
162 3565 304 3633 ⁴gallische
322 3566 412 3634 Lager
431 3564 568 3618 umachlol
582 3605 588 3618 .
737 3563 868 3630 drllclren,
879 3561 913 3616 cf.
926 3560 952 3614 b.
963 3576 986 3613 c.
996 3559 1045 3612 111.
1055 3561 1096 3612 30.
1110 3561 1255 3624 {interque
1268 3596 1274 3609 .
1288 3597 1294 3610 .
1308 3595 1314 3610 .

137 3655 162 3708 6.
182 3653 220 3707 od
238 3653 519 3719 praememoratam,
547 3654 582 3706 ad
606 3669 682 3707 arma
737 3651 886 3704 exercitum
900 3650 1033 3717 educunt,
1047 3648 1147 3701 ebenso
1160 3646 1233 3698 auch
1245 3645 1316 3699 naoh

101 3743 139 3811 ist
156 3742 206 3795 der
219 3741 325 3796 Auerni
341 3740 434 3808 selbst,
448 3741 482 3794 oi.
496 3741 521 3814 b.
537 3758 559 3796 c.
573 3741 594 3798 l.
607 3742 681 3795 69.’4
736 3741 822 3792 eiuem
835 3735 1064 3790 kollektiriachen
1077 3731 1230 3799 Bega-rael.
1245 3735 1286 3785 72.
1299 3736 1316 3784 2

102 3830 297 3884 Conclamatur
311 3831 347 3883 ad
364 3845 454 3897 arma;
468 3829 517 3886 Ov.
531 3831 598 3883 Met.
618 3828 679 3884 llII¹
735 3824 878 3879 multitudo
889 3864 911 3878 ..
922 3865 928 3878 .
939 3821 1081 3877 advolaret
1090 3829 1138 3875 aut
1148 3861 1154 3875 .
1164 3861 1171 3874 .
1180 3861 1186 3874 .
1196 3826 1316 3888 possent.

100 3923 153 3973 241
175 3920 356 3984 certatimque
370 3933 464 3971 omnes
477 3933 531 3971 uno
545 3933 592 3971 ore
605 3932 683 3971 arma
772 3919 796 3967 4.
816 3913 910 3981 eatque
931 3909 1065 3979 ,lrnapp“.

101 3993 474 4074 armaloquuntur3dhnlich
490 4005 519 4059 V.
539 4008 581 4059 37.
601 4005 692 4058 3ric·'
772 4004 796 4056 5.
821 4016 876 4068 qao
904 4004 1029 4052 acetrum
1054 4012 1122 4064 opus
1147 4000 1209 4048 erat
1233 3994 1316 4046 iater-

101 4096 199 4148 toriam
219 4093 400 4149 conclamant.
459 4103 469 4138 ο
735 4090 855 4153 mbram,
874 4088 942 4142 uber
961 4088 1004 4141 die
1019 4087 1114 4140 Ebene
1132 4101 1185 4138 von
1197 4085 1315 4136 Laumea

123 4186 163 4239 .7.
179 4187 288 4249 portae,
308 4181 351 4234 die
369 4181 461 4235 Thore
480 4180 529 4234 der
548 4179 634 4233 Stadt.
711 4220 722 4250 Ι,
736 4179 783 4231 hin
797 4192 854 4231 war
872 4176 915 4229 die
930 4171 1247 4230 Contrarallationsiinie
1267 4168 1316 4222 der

139 4273 181 4327 71.
218 4273 243 4322 2.
264 4267 346 4321 odeat
369 4310 376 4322 .
401 4310 408 4325 .
433 4310 439 4322 .
463 4272 578 4336 coquat,
611 4268 681 4321 nach
736 4265 836 4320 Rdmer
855 4264 927 4318 noch
945 4263 1021 4317 nieht
1039 4261 1226 4329 geschlosse'n.

183 4364 253 4409 Wal
263 4363 349 4418 ther,
365 4364 477 4407 Caesaris
491 4362 546 4406 hell.
561 4361 626 4405 Gall.
641 4363 681 4405 lV.
1198 4357 1210 4394 ὃ
