2934 4750
551 210 651 267 Gomm.
671 211 716 264 Vl,
739 214 852 266 36-39.
1259 199 1299 261 83

86 355 245 433 ferantur,
268 373 370 436 neque
393 373 486 436 quern
509 355 541 419 in
564 358 686 436 partem
708 355 841 436 quisque
863 354 1041 434 conveniat,
1069 354 1247 436 provident.

88 461 183 527 Alius
207 467 315 528 castra
336 463 399 528 iarn
423 467 518 543 capta
540 462 735 543 pronuntiat,
761 461 842 527 alius
866 461 970 527 deleto
991 462 1130 527 exercitu
1154 467 1249 544 atque
1269 478 1284 528 7

86 570 284 650 imperatore
306 568 444 634 victores
466 567 622 633 barbaros
644 567 769 632 venisse
785 567 963 649 contendit3
988 566 1129 649 plerique
1151 587 1248 635 novas
1267 583 1284 634 8

87 675 154 747 sibi
176 693 215 739 ex
235 675 307 740 loco
322 674 492 755 religiones
508 671 633 756 fingunt
648 671 825 755 Cottaeque
847 676 879 738 et
894 671 1008 738 Titurii
1024 673 1246 756 calamitatem,

89 781 149 862 qni
179 781 211 844 in
241 780 352 846 eodem
375 780 548 846 occiderint
577 778 724 858 castello,
759 785 834 845 ante
864 778 972 845 oculos
1001 785 1130 860 ponunt.
1180 781 1285 849 Talis

88 888 209 952 timore
231 887 376 952 omnibus
398 886 576 967 perterritis
600 883 805 952 confirmatur
831 885 935 966 opinio
958 885 1117 967 barbaris,
1148 893 1184 952 ut
1213 907 1251 953 ex

90 993 219 1073 captivo
242 992 421 1074 audierant,
452 992 573 1056 nullum
596 1009 666 1057 esse
688 992 774 1058 intus
796 991 995 1073 praesidium.
1043 991 1252 1075 Perrumpere
1271 1011 1305 1062 10

88 1100 241 1164 nituntur
257 1117 354 1180 seque
370 1099 430 1181 ipsi
446 1099 666 1179 adhortantur,
682 1117 723 1164 ne
739 1101 862 1164 tantam
877 1097 1035 1164 fortunam
1052 1118 1090 1164 ex
1105 1101 1251 1167 manibus

91 1206 268 1270 dimittant.

185 1316 237 1376 38.
289 1311 371 1377 Erat
392 1331 487 1394 aeger
509 1313 541 1376 iu
563 1311 721 1393 praesidio
745 1311 876 1377 relictus
899 1311 934 1379 P.
959 1311 1084 1376 Sextius
1108 1311 1285 1395 Baculus,1

91 1418 151 1500 qni
172 1418 309 1500 primurn
331 1419 430 1501 pilum
462 1419 547 1500 apud
570 1417 738 1485 Gaesarem
763 1418 908 1498 duxerat,
944 1419 1033 1484 cuius
1064 1419 1254 1484 mentionem
1288 1465 1292 1470 .

92 1525 313 1607 superioribus
343 1526 472 1607 proeliis
499 1523 644 1603 lecimus,
676 1544 715 1590 ac
739 1525 820 1591 diem
852 1524 916 1590 iam
945 1526 1089 1606 quintum
1112 1525 1179 1590 cibo
1203 1544 1254 1591 ca-

94 1637 216 1697 ruerat.
272 1629 333 1695 Hic
364 1629 485 1696 diffisus
515 1648 592 1696 suae
622 1635 719 1712 atque
755 1629 894 1695 omnium
930 1629 1027 1695 saluti
1055 1631 1184 1696 inermis
1216 1647 1289 1698 exa

95 1737 304 1804 tabernaculo
336 1737 458 1818 prodit3
493 1737 581 1803 videt
609 1737 772 1802 imminere
805 1736 914 1802 hostes
942 1741 1038 1818 atque
1067 1736 1100 1800 in
1133 1755 1255 1807 summo
1316 1786 1317 1790 =

96 1861 169 1908 esse
191 1861 258 1907 rem
291 1843 487 1922 discrimine3
515 1843 602 1925 capit
633 1861 722 1907 arma
754 1861 773 1908 a
800 1843 949 1924 proximis
977 1848 1073 1924 atque
1102 1845 1136 1909 in
1161 1851 1255 1927 porta

100 1950 253 2017 consistit.
300 1948 545 2032 consequuntur
567 1947 651 2014 hunc
674 1949 875 2014 centuriones
898 1949 964 2015 eius
988 1948 1141 2030 cohortis,
1173 1969 1256 2032 quae
1275 1965 1290 2016 3

100 2058 135 2120 in
158 2056 293 2122 statione
317 2062 402 2136 erat,
429 2056 590 2139 paulisper
620 2075 683 2120 una
704 2055 860 2138 proelium
883 2055 1050 2122 sustinent.
1096 2055 1292 2140 Relinquit4

97 2161 224 2228 ‘animus
238 2161 382 2228 Sextium
398 2163 550 2245 gravibus
567 2162 705 2242 acceptis
721 2161 920 2240 vulneribus3
946 2180 1042 2244 aegre
1065 2181 1122 2244 per
1145 2183 1256 2232 manus

98 2268 234 2333 traditus
251 2275 404 2336 servator.
443 2268 513 2334 Hoc
533 2269 636 2350 spatio
652 2268 840 2350 interposito
856 2267 969 2348 reliqui
985 2286 1054 2333 sese
1070 2267 1258 2335 confirmant
1276 2281 1292 2332 a

98 2381 243 2455 tanturn,
279 2382 315 2441 ut
346 2379 377 2440 in
413 2376 639 2441 munitionibus
676 2376 851 2441 consistere
885 2373 1024 2440 audeaut
1058 2377 1258 2459 speciemque

100 2480 300 2547 defensorum
322 2477 505 2563 praebeant.

129 2611 133 2621 ·
190 2593 241 2653 39.
276 2589 406 2655 Interim
422 2588 567 2655 conlecta
582 2587 828 2654 frumentatione
842 2588 959 2654 milites
975 2590 1075 2655 nostri
1090 2590 1258 2657 clamorem
1279 2604 1293 2653 1

98 2694 273 2760 exaudiunt
280 2722 289 2776 ;
319 2700 529 2777 praecurrunt
561 2694 701 2776 equites3
735 2701 854 2777 quanto
891 2712 943 2759 res
979 2695 1020 2760 sit
1046 2696 1079 2760 in
1107 2697 1257 2778 periculo,

136 2893 162 2943 8.
181 2904 266 2943 aoros
285 2932 292 2943 .
311 2931 318 2943 .
338 2930 344 2943 .
364 2889 522 2958 adipiscas,
541 2890 680 2957 seltsame,
735 2889 794 2943 dass
814 2889 857 2943 die
878 2888 966 2943 Sachc
985 2905 1060 2943 zuar
1073 2889 1136 2943 sehr
1149 2889 1311 2945 bedenlrlieh

100 2978 328 3045 anerglaubische
347 2978 506 3033 Godanlren.
525 3008 559 3017 -
575 2978 679 3031 Cottae·
734 2979 773 3044 (in
792 2993 895 3031 summo
909 2992 971 3031 esse
984 2992 1041 3031 rem
1056 2977 1232 3047 discrimine),
1246 2979 1312 3033 aber

100 3082 153 3135 que
180 3072 205 3119 et
233 3066 335 3119 Titurii
361 3066 556 3133 calamitatem,
585 3067 619 3121 ef.
648 3067 680 3121 V.
734 3065 804 3119 doeh
837 3066 913 3119 nicht
943 3081 1013 3133 gouz
1051 3068 1232 3121 aussiehtslos
1264 3068 1312 3134 sei,

101 3160 137 3210 32
156 3171 197 3223 sq.
221 3184 254 3193 -
281 3155 422 3209 incedam
452 3156 574 3223 castello,
605 3157 681 3210 nicht
733 3154 799 3208 laist
817 3171 847 3208 er
865 3153 1089 3223 neueHoffnung,
1109 3156 1234 3210 entreilst
1253 3156 1314 3210 dem

102 3260 204 3312 genau3
223 3244 294 3297 deun
305 3244 420 3298 Sabinus
432 3244 487 3298 und
497 3244 578 3299 Cotta
591 3261 681 3299 waren
733 3242 992 3298 Nachststehenden
1003 3243 1155 3297 dieWaffen
1165 3244 1296 3312 ulrampi
1307 3286 1312 3297 .

102 3349 152 3387 aus
176 3333 262 3386 ihrem
286 3333 485 3387 verschanateu
504 3332 593 3400 Lager
617 3348 682 3387 aus·
735 3328 770 3370 '-
785 3332 902 3399 prodit,
917 3373 922 3385 .
937 3331 1028 3389 ,uidet
1041 3372 1048 3387 .
1062 3374 1068 3386 .
1083 3374 1089 3385 .
1102 3332 1191 3399 eupit,
1216 3334 1244 3386 in
1265 3332 1313 3386 der

103 3422 226 3489 geruckt.
737 3420 895 3489 Eraahlung
919 3420 1007 3475 dieser
1031 3420 1151 3489 Episodc
1183 3420 1245 3474 sind
1270 3421 1314 3475 die

738 3509 877 3578 asyndeta
905 3526 939 3562 au
958 3508 1108 3577 beachten,
1137 3510 1238 3563 welche
1263 3509 1314 3563 den

736 3598 853 3652 raschcn
871 3598 944 3651 Laui
961 3598 1009 3652 der
1028 3598 1315 3665 Begebenheiienrer·

738 3684 959 3740 enschauliehen.

772 3778 798 3827 4.
822 3773 963 3841 Relinquit
988 3774 1096 3828 animus
1120 3773 1256 3839 Sectam
1289 3774 1315 3827 S.

137 3562 185 3616 38.
224 3566 246 3615 1.
276 3562 307 3613 a‘a
321 3562 472 3629 praesidio,
500 3561 533 3615 ci.
553 3579 576 3615 c.
596 3565 638 3617 34.
659 3567 682 3616 l.

105 3634 345 3717 -auperr'orc'bus
359 3649 488 3717 proeliis,
513 3667 544 3705 so
570 3650 614 3704 bei
634 3650 682 3705 der

102 3738 264 3805 Erzahluug
278 3738 326 3792 der
338 3738 588 3807 Nerrierschlacht,
602 3738 636 3792 ci.
649 3739 682 3794 ll.

100 3830 145 3899 25.
172 3832 185 3879 1
215 3826 271 3880 und
299 3826 348 3879 der
375 3825 493 3894 Kampfe
521 3827 569 3881 des
596 3827 683 3880 Galba

104 3931 198 4056 gssgffi
227 3915 271 4055 {lie
308 3914 431 3969 Seduuer
458 3915 514 3968 und
538 3916 683 3983 Veragrer,
737 3948 819 4003 Hand
838 3966 872 4002 zu
892 3950 983 4008 Hand·

105 4020 138 4057 c,
201 4044 208 4058 .
245 4008 296 4059 .2.

737 3862 803 3916 wird
822 3862 1005 3931 ohnmachtig.
1027 3894 1056 3903 -
1074 3880 1126 3931 per
1138 3878 1245 3929 manus,
1263 3879 1315 3916 von

773 4041 797 4091 5.
817 4038 881 4091 Hoc
892 4040 981 4105 spatio
990 4039 1316 4107 interpositofflahrend·

136 4130 164 4182 2.
186 4124 243 4178 Ha'c
266 4126 378 4192 diffisus
403 4132 455 4180 etc.
486 4125 683 4193 Hoffnungslos
739 4125 864 4191 dessen“‚
899 4128 1034 4182 zuisehen
1065 4128 1112 4182 der
1143 4134 1234 4181 ersten
1265 4128 1315 4183 Be·

103 4214 166 4268 tritt
185 4213 235 4268 der
253 4214 362 4268 kranke
375 4213 486 4268 Sextius
501 4214 618 4268 Baculus
632 4229 682 4267 aus
738 4219 868 4281 stltrzung
907 4214 963 4268 und
1001 4214 1062 4269 dem
1097 4216 1317 4282 gegenwartigen

104 4302 208 4357 seinem
233 4302 326 4366 Zelte3
355 4301 397 4356 als
422 4318 453 4355 er
477 4302 578 4369 jedoch
604 4302 684 4370 sicht,
738 4302 917 4370 Augenblick.

1189 4411 1213 4450 ὃ.
