2934 4750
163 161 205 220 80
312 143 316 146 ’
634 175 676 229 ue
694 175 768 230 bern
789 175 903 233 catrico.

181 315 352 381 emilitum
375 316 566 383 detrimento
589 325 768 382 noceretur.
819 317 960 382 Dimittit
988 319 1029 383 ad
1057 319 1206 386 finitimas
1231 321 1382 386 civitates

215 423 343 488 nuntios
367 420 498 488 Caesar:
522 441 630 488 omnes
653 430 767 489 evocat
782 441 838 507 spe
861 424 998 505 praedae
1020 425 1062 490 ad
1084 426 1277 507 diripiendos
1294 427 1383 491 Ebu·

215 545 317 606 rones
339 535 376 594 ut
398 529 502 610 potius
524 529 559 594 in
580 529 667 594 silvis
684 528 848 595 Gallorum
872 531 939 596 vita
961 549 1056 611 quam
1080 530 1271 613 legionarius
1287 533 1383 598 miles

214 633 431 714 periclitetur,
460 633 555 699 simul
584 641 619 698 ut
650 652 768 714 magna
796 635 999 700 multitudine
1022 634 1214 702 circumfusa
1238 655 1297 719 pro
1321 639 1383 704 tali

179 739 354 807 eiacinore
382 739 481 820 stirps
512 758 551 804 ac
580 757 693 804 nomen
722 739 861 806 civitatis
891 740 1032 808 tollatur.
1081 741 1215 824 Magnus
1239 743 1384 824 undique

214 863 363 912 numerus
387 845 531 911 celeriter
554 846 710 911 convenit.

181 971 194 1018 1
305 959 356 1018 35.
418 950 505 1016 Haec
535 951 568 1015 iu
598 951 743 1016 omnibns
774 950 958 1017 Eburonum
993 952 1138 1034 partibus
1172 955 1382 1036 gerebantur,

214 1060 346 1141 diesque
369 1057 542 1140 appetebat
563 1057 725 1137 septimus,
756 1074 848 1137 quem
871 1056 912 1121 ad
936 1056 1018 1124 diem
1042 1056 1160 1122 Caesar
1180 1059 1222 1124 ad
1244 1060 1382 1141 impedi-

178 1171 321 1230 amenta
343 1163 561 1244 legionemque
585 1163 702 1227 reverti
716 1163 936 1230 constituerat.
984 1163 1052 1242 llic,
1075 1171 1227 1244 qnantum
1245 1167 1277 1230 in
1295 1167 1383 1231 bello

180 1279 196 1328 3
215 1270 342 1336 iortnna
364 1269 466 1350 possit
488 1274 522 1333 et
536 1273 672 1348 quantos
686 1266 813 1333 adferat
836 1286 938 1348 casus,
963 1269 1111 1350 cognosci
1127 1269 1237 1349 potuit.
1279 1270 1383 1336 Dissi-

214 1377 298 1459 patis
322 1393 360 1440 ac
387 1373 566 1456 perterritis
594 1373 748 1454 hostibus
777 1381 813 1438 ut
837 1373 1137 1455 demonstravimus,
1165 1393 1279 1440 manus
1310 1385 1383 1441 erat

180 1481 317 1560 enulla,
350 1498 432 1562 qnae
462 1498 594 1561 parvam
626 1479 718 1544 modo
752 1497 879 1544 causam
914 1478 1036 1544 timoris
1072 1479 1219 1546 adferret.
1274 1481 1384 1547 Trans
1447 1495 1448 1500 ’

215 1573 360 1652 Rlienum
387 1585 429 1651 ad
457 1586 633 1650 Germanos
656 1585 802 1666 pervenit
831 1583 930 1664 lama,
948 1584 1055 1666 ,diripi
1083 1584 1250 1652 Eburones
1282 1592 1382 1669 atque

179 1693 299 1759 tultro
327 1709 436 1758 omnes
464 1691 677 1772 adpraedam
701 1691 836 1756 evocari.
888 1689 1016 1772 Cogunt
1039 1693 1181 1772 equitum
1204 1693 1267 1756 duo
1291 1695 1381 1758 milia

214 1797 393 1880 Sugambri,
417 1798 471 1879 qui
494 1802 569 1862 sunt
589 1797 724 1878 proximi
747 1795 867 1876 Rheno,
891 1816 910 1860 a
933 1796 1047 1878 quibus
1070 1803 1215 1879 receptos
1238 1798 1377 1882 exsuge

179 1915 195 1966 6
215 1904 387 1969 Tencteros
410 1907 505 1984 atque
528 1902 676 1984 Usipetes
699 1920 797 1983 supra
819 1903 993 1968 docuimus,
1038 1902 1217 1968 Transeunt
1232 1903 1376 1970 Rhenum

213 2010 347 2074 naribus
371 2008 554 2090 ratibusque
577 2009 710 2089 triginta
732 2007 860 2073 milibus
884 2026 1034 2089 passuum
1056 2007 1139 2074 infre
1161 2027 1233 2074 eum
1264 2009 1372 2090 loeum,

215 2115 268 2180 ubi
294 2133 375 2197 pons
410 2120 481 2179 erat
512 2113 670 2195 perfectus
705 2115 960 2196 praesidiumque
993 2134 1012 2178 a
1043 2112 1185 2178 (laesere¹
1214 2115 1367 2195 relictum·

213 2223 333 2303 primos
350 2219 534 2286 Eburonum
557 2218 637 2284 fines
659 2220 795 2300 adeunt3
820 2220 936 2286 multos
960 2239 998 2284 ex
1019 2219 1095 2302 iuga
1111 2219 1274 2301 dispersos
1298 2221 1362 2286 exci-
1449 2293 1450 2304 χ

214 2327 314 2409 pinnt,
337 2345 452 2409 magno
474 2328 596 2408 pecoris
623 2344 771 2406 numero,
800 2325 888 2391 cuius
920 2333 994 2391 sunt
1018 2325 1210 2407 cupidissimi
1240 2326 1367 2405 barbari,

179 2434 389 2515 lpotiuntur.
435 2433 563 2496 Invitati
579 2433 699 2514 praeda
713 2433 839 2513 longius
855 2432 1038 2513 procedunt.
1083 2431 1153 2497 Non
1169 2430 1227 2498 hos
1243 2434 1373 2515 paludes
1449 2418 1450 2421 ¹

214 2540 245 2603 in
270 2537 352 2603 bellu
375 2538 611 2619 latrociniisque
634 2543 736 2617 natos,
770 2556 833 2604 non
857 2537 955 2603 silvae
979 2543 1154 2603 morantur.
1201 2538 1323 2617 Quibus
1346 2541 1374 2604 in

214 2644 292 2710 locis
320 2646 362 2709 sit
385 2643 517 2725 Caesar,
549 2662 587 2709 ex
610 2644 743 2726 captivis
767 2650 943 2725 quaerunt,
973 2642 1150 2724 proiectum
1174 2644 1300 2725 longius
1328 2664 1376 2709 re-

179 2752 342 2833 aperiunt
371 2768 557 2831 omnemque
593 2751 764 2815 exercitum
800 2749 983 2814 discessisse
1015 2757 1216 2829 cognoscunt.
1273 2752 1378 2831 Atque

161 2925 234 2992 eeigt
246 2940 291 2992 an,
309 2924 394 2978 vorin
408 2924 457 2979 der
468 2924 594 2979 Schaden
606 2924 741 2979 beatehen
795 2924 903 2992 Fragen
924 2923 967 2978 die
981 2923 1063 2993 Konj.
1083 2923 1176 2992 Praes,
1199 2924 1261 2978 weil
1282 2924 1330 2978 der
1350 2925 1377 2977 in

161 3012 251 3066 sollte.
795 3013 877 3067 ihnen
890 3011 1096 3080 ansgedritclrte
1107 3011 1240 3066 Gedauke
1254 3013 1315 3066 eine
1327 3012 1378 3065 all·

196 3102 222 3153 8.
240 3115 341 3167 magico
364 3098 541 3153 multitudine
564 3100 741 3166 circumfuso,
795 3101 917 3169 gemeine
937 3100 1089 3167 Gt'rltigkeit
1108 3100 1165 3153 bat.

163 3187 191 3241 in
209 3188 426 3243 lronditionalem
446 3188 535 3243 Sinna.
556 3217 590 3227 -
608 3203 664 3255 pro
688 3188 741 3241 toli
831 3192 855 3242 5.
875 3187 1039 3256 8119111111,
1070 3188 1275 3257 germanisebes
1304 3188 1377 3241 Volk

161 3276 302 3341 facinore,
333 3274 380 3328 fbr
410 3274 455 3329 die
481 3274 741 3342 Niedermetzelnng
794 3268 931 3331 cwiseben
951 3276 1029 3330 Rnhr
1054 3277 1109 3331 und
1133 3276 1208 3345 Sieg.
1231 3304 1265 3315 -
1288 3291 1378 3342 supra

161 3364 211 3418 der
231 3367 264 3417 15
282 3363 427 3418 Kohorten
444 3370 525 3417 uuter
544 3362 662 3419 Sabinus
686 3363 742 3417 und
795 3365 943 3431 docatmae,
963 3364 997 3418 cf.
1017 3364 1063 3419 IV.
1086 3367 1126 3419 16.
1144 3370 1170 3419 2.

163 3452 254 3518 Cotta,
280 3451 315 3506 cf.
341 3452 373 3508 V.
402 3454 436 3504 26
456 3467 497 3518 sq.
529 3480 562 3488 -
593 3451 679 3519 stirpe
708 3466 742 3505 nc
831 3454 855 3516 6.
874 3452 990 3521 triginta
1010 3452 1119 3505 milibus
1134 3467 1270 3520 pmaanm
1288 3451 1374 3521 infra,

162 3555 258 3593 amnon
275 3538 398 3593 cio-itatis
415 3538 537 3605 tollatur,
557 3538 591 3593 ot
607 3540 643 3595 11.
662 3542 705 3594 28.
726 3546 739 3593 1
797 3541 862 3595 ilber
876 3540 927 3595 den
939 3540 1003 3595 Abl.
1013 3556 1158 3595 mensurae
1170 3541 1215 3595 bei
1226 3541 1287 3595 dem
1295 3540 1379 3595 Kom-

162 3644 249 3697 prope
278 3628 314 3681 nd
344 3628 558 3682 internecionem
591 3633 674 3695 gente
709 3644 742 3683 ec
796 3628 1003 3697 parativbegriff
1019 3628 1092 3683 infra
1111 3628 1145 3683 ei.
1165 3632 1244 3683 c28.
1262 3634 1274 3683 1
1295 3628 1379 3697 paulo

161 3717 272 3772 nomine
290 3716 454 3771 Nerviorum
471 3715 593 3771 redacto.
796 3716 869 3771 infra
888 3716 1061 3785 elephantos.
1090 3746 1124 3755 -
1151 3715 1200 3769 ubi
1220 3732 1294 3783 pons
1316 3722 1376 3769 erat

196 3806 243 3861 ab.
264 3811 288 3859 1.
307 3803 460 3871 appetebat,
479 3804 580 3859 ebenso
598 3806 627 3859 in
638 3806 742 3860 intran·
791 3805 938 3871 perfectus,
949 3804 984 3860 ci.
995 3822 1017 3859 c.
1031 3808 1053 3859 9.
1067 3808 1090 3859 3.
1105 3834 1133 3843 -
1140 3804 1374 3872 praesidiumque,

162 3895 257 3949 sitiret
274 3892 434 3960 Bedeutnng
453 3892 511 3947 Vll.
524 3895 596 3947 822
616 3909 675 3947 cnm
695 3893 743 3947 lux
797 3892 831 3947 cf.
851 3910 875 3950 c.
901 3896 944 3947 29.
968 3896 992 3947 3.
1019 3922 1051 3931 -
1076 3892 1183 3961 primm
1210 3892 1376 3947 Eburonum

161 3989 317 4049 appeteret.
793 3982 870 4047 pines,
901 3981 950 4035 dae
970 3981 1124 4037 Greuzland
1149 3980 1198 4036 der
1217 3982 1374 4046 Eburonen,

216 4072 241 4123 2.
262 4072 394 4137 qnantum
406 4109 412 4122 .
426 4110 432 4123 .
447 4110 454 4124 .
469 4069 559 4137 potat
577 4074 602 4122 et
622 4074 742 4137 quantos
795 4069 913 4125 welches
932 4070 973 4123 bis
992 4086 1028 4124 an
1048 4070 1099 4125 den
1118 4070 1209 4125 Rbein
1227 4070 1339 4125 reichte.
1449 4060 1450 4103 l

160 4157 270 4223 odiant
289 4172 377 4224 cneus,
400 4157 527 4227 cognosci
546 4156 646 4224 potnit,
670 4157 741 4211 nach
831 4160 853 4212 7.
872 4158 981 4226 longina
999 4157 1166 4226 procedunt,
1193 4158 1262 4215 wohl
1287 4159 1328 4213 bin
1346 4158 1372 4211 in

162 4246 222 4299 dem
237 4245 350 4301 Periekt
369 4246 466 4301 rtehen
478 4246 507 4301 in
519 4244 572 4300 den
584 4244 740 4300 indirelrten
796 4245 839 4301 die
858 4246 936 4299 Naue
956 4244 1004 4299 der
1024 4246 1110 4301 Meas.
