2934 4750
170 212 232 271 112
362 259 367 267 .
643 222 777 277 Debebo
797 222 912 277 Gallico.

187 377 199 425 1
232 354 235 359 ⁴
328 367 379 430 41.
413 364 555 442 Quorum
580 364 681 429 omnis
703 350 816 444 postea
838 363 1007 428 multitudo
1031 369 1219 445 aquatorum
1235 382 1333 428 unum
1352 366 1399 428 in·

220 469 323 534 locum
348 470 556 535 conveniebat
579 470 637 534 sub
661 470 762 550 ipsius
785 469 893 550 oppidi
917 489 1050 548 murum,
1075 470 1128 535 ubi
1152 487 1288 550 magnus
1311 468 1384 534 fons

219 593 321 656 aquae
344 562 570 656 prorumpebat
585 575 625 640 ab
642 594 682 639 ea
697 560 798 658 parte,
822 593 903 656 quae
914 573 980 640 fere
991 575 1105 657 pedum
1121 594 1199 642 uccc
1214 574 1384 640 intervallo

185 693 202 741 2
221 700 240 746 a
255 679 392 745 fluminis
408 680 542 746 circuitu
558 679 700 747 vacabat.
732 680 802 746 Hoc
817 679 904 746 fonte
921 681 1080 762 prohiberi
1097 699 1190 762 posse
1207 681 1384 762 oppidanos

221 805 293 851 cum
316 793 465 867 optarent
479 785 600 867 reliqui,
618 786 737 851 Caesar
752 803 834 851 unus
850 787 980 866 videret,
1005 806 1023 851 e
1039 788 1169 868 regione
1185 787 1253 852 eius
1271 786 1390 851 vineas·

221 911 316 972 agere
337 892 490 956 adversus
521 898 660 956 montem
692 898 726 956 et
756 910 906 973 aggerem
939 893 1098 957 instruere
1129 893 1234 974 coepit
1268 910 1386 972 magno

84 1048 90 1058 .
187 1007 202 1056 3
223 1015 294 1062 cum
307 996 416 1062 labore
429 1002 461 1061 et
473 996 849 1062 coutinuadimicatione.
874 997 1032 1078 Oppidani
1045 998 1128 1061 euim
1141 997 1208 1063 loco
1219 998 1387 1078 superiore
1419 1057 1423 1064 .

221 1101 394 1166 decurrunt
410 1108 443 1167 et
460 1103 581 1166 eminus
598 1102 666 1166 sine
679 1102 821 1182 periculo
837 1103 1035 1184 proeliantur
1054 1102 1233 1183 multosque
1245 1101 1388 1184 pertina-

221 1208 301 1272 citer
316 1207 521 1272 succedentes
537 1207 717 1285 vulnerant3
733 1226 796 1272 non
808 1209 1009 1272 deterrentur
1026 1215 1133 1273 tamen
1149 1207 1265 1273 milites
1280 1209 1387 1272 nostri

220 1314 329 1377 vineas
353 1311 494 1393 proferre
518 1321 551 1378 et
573 1294 684 1379 ia'bore
707 1318 804 1394 utque
827 1315 975 1395 operibus
998 1314 1138 1379 locorum
1165 1315 1292 1378 vincere
1324 1313 1385 1378 dif-

186 1416 390 1484 afioultates.
436 1417 558 1482 Eodem
581 1424 721 1500 tempore
746 1419 906 1484 cuniculos
929 1425 1031 1484 tectos
1055 1439 1074 1484 a
1097 1421 1195 1484 vineis
1219 1425 1320 1500 agunt
1342 1421 1388 1484 ad

221 1530 315 1604 caput
339 1523 443 1602 fontis,
468 1525 550 1604 quod
576 1542 676 1606 genus
699 1526 803 1604 operis
826 1526 894 1589 sine
910 1525 974 1592 ullo
990 1525 1131 1606 periculo
1147 1531 1181 1590 et
1196 1525 1264 1590 sine
1282 1527 1386 1606 suspi-

187 1629 311 1693 5cione
334 1629 472 1694 hostium
496 1628 599 1694 facere
623 1628 748 1696 licebat.
796 1629 981 1695 Exstruitur
1003 1650 1101 1712 agger
1125 1631 1157 1695 in
1181 1630 1387 1695 altitudinem

221 1732 407 1815 pedamine,
442 1735 614 1800 collocatur
645 1737 694 1799 in'
713 1754 751 1800 eo
787 1738 884 1800 turris
919 1737 1026 1801 decem
1061 1737 1287 1816 tabulatorum,
1320 1753 1387 1800 non

222 1839 346 1919 quidem
369 1858 449 1920 quae
473 1840 638 1926 moenibus
661 1840 858 1920 adaequaret
883 1877 920 1887 -
946 1841 978 1905 id
1006 1841 1088 1906 enim
1113 1841 1207 1905 nullis
1235 1841 1387 1921 operibus

222 1942 303 2008 effici
326 1948 452 2026 poterat
479 1981 532 2024 -‚
563 1945 619 2008 sed
646 1962 727 2026 quae
758 1963 908 2026 superare
940 1946 1034 2010 fontis
1069 1945 1231 2028 fastigium
1264 1952 1384 2028 posset.
1445 1957 1446 1964 ’

186 2048 271 2113 oEn
315 2069 354 2114 ea
399 2069 470 2114 cum
507 2049 572 2115 tela
609 2051 776 2114 tormentis
814 2052 994 2115 iacerentur
1030 2052 1071 2116 ad
1114 2051 1209 2116 fontis
1251 2052 1385 2132 aditum,
1446 2025 1447 2120 i

222 2174 279 2220 nec
305 2156 372 2219 sine
392 2155 532 2237 periculo
556 2163 686 2237 possent
708 2158 820 2237 aquari
853 2157 1009 2238 oppidani,
1034 2170 1096 2222 non
1120 2140 1246 2221 tautum
1269 2175 1388 2248 pecora
1447 2192 1448 2270 p

221 2261 490 2341 atqueiumeuta‚
514 2262 690 2326 sedetiam
718 2281 833 2344 magua
857 2262 1016 2327 hominum
1038 2263 1207 2356 multitudo
1231 2263 1284 2327 siti
1310 2275 1386 2329 con·
1447 2271 1448 2276 ’

221 2365 418 2433 sumebatur.
1448 2359 1449 2421 t

153 2644 158 2653 .
203 2613 251 2666 41.
298 2615 321 2664 1.
353 2626 467 2677 mappas
497 2610 575 2677 foas,
606 2611 672 2665 heut
703 2612 748 2666 die
838 2618 862 2668 3.
882 2629 938 2666 rma
957 2613 1147 2666 deterrent-ur.
1168 2654 1173 2667 .
1195 2612 1386 2680 ,uineaspro

169 2699 267 2766 Quelle
292 2715 343 2752 von
369 2697 480 2764 Loulir's,
509 2698 558 2752 aui
583 2699 644 2753 dem
667 2709 748 2754 west·
800 2702 885 2767 serre,
915 2700 963 2754 der
987 2699 1105 2765 Induitiv
1124 2698 1210 2753 fi’ndet
1233 2700 1292 2753 sich
1312 2702 1387 2756 nach

169 2789 258 2842 lichen
277 2786 394 2853 Abbaug
412 2786 460 2841 des
482 2786 538 2855 Puy
558 2787 683 2841 d’Issolu.
714 2818 746 2827 -
804 2788 1084 2859 dempersbniichen·
1097 2788 1202 2843 Passiv.
1222 2804 1274 2841 von
1294 2788 1387 2843 deter-

164 2871 203 2928 'ob
224 2890 256 2927 ca
270 2879 446 2941 portame
460 2875 518 2940 fere
532 2874 635 2941 pedum
648 2875 752 2929 MGOO
803 2894 864 2932 rere
892 2877 962 2939 auch
977 2876 1032 2930 ‘bei
1061 2876 1116 2929 Cic.
1138 2876 1224 2929 'Verus
1249 2878 1270 2929 Ι.
1294 2880 1319 2931 5.
1353 2881 1385 2931 14

168 2962 313 3016 interuallo
331 2950 481 3028 affaminis
493 2962 612 3016 circuitu
624 2954 748 3029 accubet,
803 2980 1014 3020 commemorare
1033 2964 1137 3031 pudore
1156 2963 1312 3018 deterreor.·

169 3050 218 3105 auf
234 3050 283 3104 der
302 3049 389 3115 Seite,
414 3050 519 3104 uciche
538 3052 567 3104 in
587 3053 662 3104 einer
680 3052 749 3105 Ent-

169 3138 750 3205 fernungvon1300FuisvonderdieStadt

168 3225 374 3280 umfiieisenden
394 3226 562 3281 Tourmente
581 3228 633 3280 frei
659 3227 748 3295 dalag.

168 3315 220 3368 Dic
251 3313 428 3381 Eutfernuug
465 3316 571 3369 stimmt
604 3315 749 3382 ungafibm

140 3407 142 3412 '
170 3420 248 3457 wenn
267 3402 315 3455 wir
333 3403 500 3468 annchmeu‚
520 3390 580 3456 dass
600 3403 644 3457 die
663 3404 749 3457 Tour-

171 3500 272 3557 mente,
287 3491 399 3545 ‘welche
424 3507 459 3544 an
484 3490 575 3545 dieser
594 3490 680 3545 Stelle
698 3508 749 3545 zur

170 3581 231 3634 Zeit
259 3581 287 3633 iu
317 3580 383 3633 zuei
402 3582 502 3633 Armen
523 3578 623 3645 disset,
651 3579 773 3639 fruher,

169 3686 221 3721 nur
239 3670 267 3721 in
286 3667 347 3721 dem
366 3666 508 3721 sddtiobeu
531 3667 668 3733 geflossen
686 3669 730 3722 ist.

205 3761 231 3809 2.
245 3756 388 3822 prohiberi
402 3771 485 3822 posse
509 3755 665 3822 oppidanos
689 3771 749 3809 cum

170 3849 315 3911 optarent,
356 3843 423 3897 iiber
464 3843 507 3897 die
543 3843 749 3897 Konstruktion

169 3948 221 3986 von
253 3939 350 3999 optare
377 3930 411 3985 ci.
440 3946 463 3984 e.
492 3934 517 3984 9.
548 3936 574 3985 2.
595 3961 624 3970 -
648 3931 751 3985 Caesar

146 4059 150 4065 .
170 4036 243 4073 unus
251 4020 360 4086 rideret,
381 4019 442 4073 scil.
455 4020 506 4072 wie
518 4019 560 4072 die
571 4021 751 4087 Absperrung
1389 4088 1393 4095 Ι

129 4127 132 4138 ’
168 4125 202 4161 zu
221 4107 461 4173 bewerkstelligen
480 4108 528 4161 sei.
555 4136 585 4144 -
609 4122 623 4160 e
642 4108 751 4175 cepione
839 4108 863 4160 6.
882 4120 938 4157 aon
961 4110 1069 4157 tantum
1089 4146 1096 4159 .
1116 4144 1123 4159 .
1143 4144 1148 4157 .
1168 4101 1214 4156 scd
1232 4103 1326 4167 etiam,
1347 4102 1381 4157 ci.

126 4149 131 4216 i

125 4224 129 4274 ἶ
168 4197 235 4263 eiua,
254 4194 315 4249 dem
333 4194 441 4247 Punkte
459 4194 630 4264 gegendber‚
648 4212 689 4249 wo
709 4196 750 4249 sie
803 4210 826 4248 c.
846 4197 870 4249 6.
891 4199 915 4249 2.

124 4277 130 4359 ζ
170 4290 333 4349 entsprang,
352 4281 386 4335 cf.
407 4281 465 4334 VII.
486 4284 527 4334 35.
549 4288 572 4334 1.

838 3091 863 3143 4.
883 3087 1020 3141 cuniculos
1038 3091 1129 3155 tectos,
1148 3088 1191 3140 ein
1205 3088 1387 3155 Minengang‚

804 3177 852 3230 der
871 3177 899 3230 in
919 3177 995 3229 oiner
1015 3174 1205 3241 Ausdehnung
1223 3190 1275 3228 von
1293 3178 1329 3228 40
1349 3192 1385 3232 m.

803 3264 902 3318 wieder
920 3262 1106 3331 ausgeiunden
1132 3264 1183 3330 ist,
1211 3262 1303 3315 wurde
1332 3280 1386 3317 von

804 3352 855 3407 deu
865 3351 1106 3419 Laufganghbtten
1116 3350 1159 3403 bis
1169 3367 1229 3403 zum
1236 3348 1385 3418 Ursprung

804 3442 851 3495 der
871 3440 966 3507 Quelle
987 3439 1080 3509 (caput
1099 3439 1197 3503 fontis)
1216 3437 1335 3506 gefbhrt.
1350 3469 1382 3478 -

802 3529 860 3581 sinc
868 3527 1023 3595 suspicione
1032 3527 1157 3592 bostium,
1167 3527 1235 3580 dcun
1247 3526 1290 3580 die
1300 3526 1384 3580 Laus·

803 3617 972 3683 gaughdtten
984 3616 1136 3683 verbargcn
1156 3614 1384 3681 denBelagerten

803 3704 847 3758 die
866 3704 1065 3758 Minierarbeit.

839 3821 863 3871 5.
881 3817 967 3882 fontis
986 3806 1146 3884 femimam,
1174 3814 1218 3868 die
1236 3813 1315 3867 Hohe
1333 3812 1382 3867 des

804 3905 916 3973 Berges‚
935 3907 963 3959 iu
988 3903 1107 3958 welcher
1135 3902 1179 3956 die
1200 3901 1296 3977 Quelie
1320 3906 1383 3955 eut-

805 4009 914 4061 sprang.
