2934 4750
159 205 202 266 28
636 217 677 271 De
695 216 768 271 ballo
787 215 911 281 Gallico.v

153 339 155 344 ’
180 369 203 418 ι·
320 363 372 424 27.
412 357 544 424 Postero
568 358 619 422 die
638 355 757 422 Cacsar
784 362 930 438 promota
949 359 1031 422 turri
1052 356 1252 440 derectisque
1272 360 1376 440 operi-

214 451 282 543 bus,
307 482 389 545 quae
411 461 517 528 facere
539 464 730 541 instituerat,
756 480 874 544 magno
895 468 1005 528 coorto
1028 463 1127 528 imbre
1151 482 1213 529 non
1229 464 1375 529 inutilem

213 567 293 632 hanc
326 567 367 632 ad
397 567 585 648 capiendum
615 566 779 632 consilium
813 571 1037 650 tempestatem
1070 567 1254 646 arbitratus,
1291 572 1373 650 quod
1435 597 1437 600 ·

213 674 309 754 paulo
343 673 502 738 incautius
534 672 697 738 custodias
727 673 760 735 in
793 689 883 747 muro
918 673 1088 753 dispositas
1128 673 1267 754 videbat,
1301 693 1374 740 suos

215 797 340 860 quoquc
362 778 544 860 languidius
567 780 599 842 in
624 796 719 858 opere
742 778 864 842 versari
887 778 981 842 iussit
1005 788 1045 858 ct,
1068 779 1146 858 quid
1169 778 1238 844 fieri
1268 780 1372 858 vellet,

90 937 93 944 .
179 896 196 944 2
215 884 368 964 ostendit3
392 883 633 966 legionibusque
657 884 742 946 intra
765 884 873 946 uineas
896 884 929 947 in
953 884 1076 948 occulto
1093 885 1248 966 expeditis
1265 886 1374 950 cohor·

213 995 312 1068 tatus,
334 996 371 1052 ut
393 989 563 1068 aliquando
587 1006 644 1068 pro
667 989 766 1051 tantis
789 987 952 1053 laboribus
974 987 1113 1053 fructum
1135 989 1286 1054 victoriae
1303 1009 1374 1070 per·

215 1096 368 1178 ciperent,
392 1095 440 1173 iis,
464 1094 519 1174 qui
541 1094 634 1174 primi
656 1111 782 1157 murum
799 1093 1024 1172 ascendissent,
1049 1095 1193 1174 praemia
1208 1092 1376 1176 proposuit

179 1199 429 1280 smilitibusque
462 1199 588 1280 signum
622 1199 718 1264 dedit.
771 1198 821 1263 Illi
849 1199 953 1263 subito
987 1217 1024 1263 ex
1053 1199 1198 1264 omnibus
1231 1202 1376 1281 partibus
1449 1195 1454 1204 '

122 1355 127 1362 .
217 1304 422 1370 evolaverunt
446 1322 633 1386 murumque
656 1304 804 1369 celeriter
827 1304 1073 1385 compleverunt.

184 1422 197 1492 ι
323 1415 374 1476 28.
413 1410 496 1475 Host
483 1415 532 1475 tes
555 1429 590 1473 re
613 1427 711 1474 nova
706 1411 881 1492 perterriti
903 1429 993 1475 muro
1024 1412 1228 1491 turribusque
1263 1403 1406 1476 deiecti.

213 1517 245 1580 in
267 1513 336 1580 foro
358 1535 397 1580 ac
420 1517 498 1580 locis
521 1516 752 1597 patentioribus
768 1517 924 1580 cuneatim
943 1518 1161 1597 constiterunt,
1185 1517 1244 1582 hoc
1260 1519 1375 1595 auimo,

147 1651 150 1657 ·
214 1627 259 1699 ut,
283 1623 310 1685 si
325 1640 388 1702 qua
404 1640 441 1686 ax
456 1628 529 1702 part
530 1640 547 1684 ι
515 1622 687 1686 tohviam
704 1623 873 1700 veniretur,
891 1625 965 1686 acie
973 1623 1021 1686 ins
1023 1629 1129 1687 tructa
1145 1623 1375 1704 depugnarent

181 1735 197 1783 2
215 1726 278 1791 Ubi
301 1727 457 1791 neminem
473 1729 504 1791 in
522 1745 656 1808 aequum
673 1727 775 1792 locum
793 1745 863 1792 sese
879 1728 1057 1806 demittere,
1081 1728 1136 1792 sed
1152 1733 1219 1792 toto
1236 1726 1377 1807 undique

153 1876 157 1881 -
196 1851 304 1897 ⁴muro
329 1832 539 1898 circumfundi
561 1833 719 1913 viderunt,
744 1834 846 1911 veriti,
880 1852 919 1897 ne
943 1835 1069 1897 omnino
1093 1851 1163 1914 spes
1193 1833 1287 1913 fugae
1319 1830 1377 1896 tol-

128 1985 131 1988 .
214 1938 343 2018 leretur,
367 1939 500 2002 abiectis
522 1939 619 2002 armis
641 1938 770 2003 ultimas
794 1939 902 2021 oppidi
925 1946 1034 2019 partes
1058 1939 1237 2003 continenti
1253 1939 1378 2018 impetu

180 2044 404 2125 3petiverunt,
427 2061 563 2124 parsque
585 2044 639 2132 ibi,
668 2063 738 2107 cum
772 2051 908 2125 angusto
938 2045 1023 2108 exitu
1053 2049 1217 2124 portarum
1248 2056 1283 2108 se
1316 2043 1377 2124 ipsi

215 2155 404 2230 premerent,
429 2168 449 2212 a
472 2148 634 2225 militibus,
666 2160 740 2230 pars
768 2150 831 2213 iam
860 2167 987 2229 egressa
1017 2151 1117 2230 portis
1150 2149 1190 2213 ab
1219 2147 1378 2229 equitibus

179 2261 196 2310 4
215 2259 265 2318 est
286 2253 463 2320 interfecta.
509 2237 574 2337 Nec
596 2253 656 2320 ιιιιι
678 2253 854 2336 quisquam,
879 2257 940 2334 qui·
955 2255 1092 2335 praedae
1122 2254 1277 2324 studeret.
1324 2253 1378 2318 Sic

215 2357 448 2425 etOcuabensi
472 2359 569 2425 caede
592 2364 624 2423 ιι
633 2360 755 2430 labore
784 2361 889 2441 operis
918 2360 1041 2425 incitati
1073 2377 1134 2424 non
1166 2364 1277 2425 aetate
1305 2377 1378 2425 cou-

191 2485 263 2588 27-
283 2539 306 2589 1.
331 2533 498 2601 decoctisque
520 2534 655 2601 operibus.
693 2535 744 2588 Die
797 2535 937 2603 praesidia
962 2535 1116 2590 cohortium
1145 2493 1261 2588 duarum
1286 2540 1313 2587 ιι
1340 2534 1378 2585 vi-

164 2622 444 2690 Belagerungswerke
468 2638 559 2675 waren
579 2622 665 2675 durch
691 2621 744 2676 den
796 2623 873 2689 giuti
938 2646 941 2651 ·

131 2754 134 2759 .
164 2708 272 2769 Arrsfall
287 2709 337 2764 der
351 2710 541 2777 Belagerten
533 2709 744 2777 mUnordnuug
832 2710 879 2765 28.
913 2717 940 2769 1.
955 2712 1125 2778 perterre
1145 2709 1306 2774 ιιιιμιιι,
1326 2708 1376 2763 das

138 2796 140 2798 ’
164 2805 298 2866 gerateu,
328 2798 381 2851 und
413 2798 456 2851 die
484 2797 744 2865 Kriegsmaschiuen
797 2807 871 2854 erste
889 2799 991 2853 Partic.
1011 2796 1119 2853 enthtlt
1144 2752 1195 2852 den
1214 2795 1310 2851 Grun'd
1330 2796 1378 2851 des

163 2902 253 2940 waren
272 2902 323 2940 aus
342 2887 401 2940 dem
431 2885 548 2940 Bereicb
568 2885 616 2939 des
639 2885 742 2940 Feuers
796 2888 917 2952 aweiten,
937 2886 970 2941 ιι.
990 2903 1013 2940 c.
1029 2890 1056 2951 8.
1079 2891 1101 2939 1.
1120 2915 1154 2926 -
1173 2884 1323 2950 cuneatim,
1350 2885 1379 2937 in

158 2972 744 3041 ‚entiernuJetztuunuerdenjeneuieder
797 2973 981 3042 keilfbrmiger
999 2973 1170 3029 Kolonne—
1190 2973 1380 3040 dcpupnarcnt

163 3062 192 3115 in
211 3060 341 3129 Ordnuug
364 3062 497 3127 gebracht
522 3060 577 3114 und
601 3059 676 3114 diane
698 3077 744 3128 ge·

163 3150 272 3204 richtet.
291 3178 323 3189 -
343 3149 382 3203 acl
403 3149 546 3202 consilium
572 3136 745 3215 capiendum,

164 3254 213 3291 nur
231 3236 413 3306 Aruaiuhrung
431 3239 506 3291 eines
520 3236 743 3298 Haudstreichea.

167 3331 182 3394 'v
198 3331 223 3381 2.
242 3325 446 3394 lepionibusque
465 3367 471 3379 .
492 3366 498 3379 .
519 3366 525 3378 .
544 3324 680 3394 expeditio
702 3340 744 3378 co·

163 3415 305 3483 hortatus,
328 3431 363 3468 zu
382 3414 471 3467 dieser
490 3412 690 3467 Konstrulrtiou
709 3412 743 3467 ιι.

163 3486 186 3555 ι.
197 3506 221 3555 4.
234 3508 247 3555 1
258 3502 415 3570 convocatis
434 3502 490 3554 suia
502 3500 650 3555 clientibus
662 3500 744 3555 facile

163 3589 284 3645 incendit
303 3608 329 3643 u.
348 3605 371 3643 ι.
390 3592 473 3643 29.1.
493 3618 526 3631 -·
545 3591 623 3641 intra
641 3588 743 3655 ιιιιιαι,

162 3679 306 3732 innerhulb
325 3678 373 3732 des
393 3693 445 3731 vou
466 3677 519 3730 den
538 3676 598 3730 drei
611 3675 743 3730 Dtmmen

163 3765 209 3833 (ιι.
219 3782 242 3820 ι.
253 3770 296 3819 24.
311 3765 337 3833 1)
350 3765 605 3832 eingeschlossenen
616 3766 743 3831 Raumea,

164 3870 195 3907 ao
214 3853 274 3907 dala
294 3853 337 3906 die
355 3858 424 3907 rom.
438 3852 569 3907 Soldateu
588 3854 679 3906 hinter
691 3852 743 3907 den

162 3941 422 4010 haufganghiitten-
445 3957 497 3995 von
534 3943 586 3995 den
605 3940 746 4006 Stadtern,

162 4028 252 4084 zumal
261 4029 306 4083 bai
320 4030 380 4084 dem
393 4030 594 4096 Regenwetter,
610 4017 687 4083 nicht
699 4044 745 4097 gc·

162 4118 248 4171 seben
275 4117 386 4171 werden
414 4118 552 4170 konnten.·
567 4146 597 4153 —
623 4116 746 4182 fructum

161 4204 296 4257 victorine
314 4195 375 4269 „als
396 4204 500 4258 Frucht
520 4204 572 4257 den
592 4204 683 4271 Sieg“‚
702 4205 746 4258 ein

157 4291 389 4359 -epexcgetiscber
407 4292 536 4359 Genetiv,
561 4291 596 4345 ιι.
616 4308 639 4346 c.
667 4294 710 4346 65.
732 4296 745 4344 l

799 3061 857 3130 „bis
871 3079 920 3116 zur
934 3062 1140 3129 Eutscbeidung
1153 3061 1312 3129 ktmpfeu“,
1324 3076 1380 3113 uo·

797 3148 841 3203 idr
860 3159 937 3206 sonst
956 3150 1099 3203 decertare
1112 3150 1195 3217 steht,
1215 3149 1248 3203 cf.
1262 3148 1283 3201 1.
1298 3151 1340 3203 50.
1354 3152 1379 3201 4.

833 3240 858 3291 2.
877 3236 943 3290 sed.
959 3280 964 3291 .
980 3280 985 3290 .
999 3236 1183 3311 circumfundi
1192 3236 1329 3300 ciderunt,
1345 3236 1379 3288 da

799 3325 847 3379 der
867 3324 931 3379 Satz
954 3317 990 3378 im
1009 3324 1199 3377 adversatiuen
1221 3323 1378 3386 Verhiltnis
1456 3356 1458 3361 ·

784 3430 831 3467 ἰιι
851 3413 912 3467 dem
931 3411 1174 3479 vorhergeheuden
1192 3412 1260 3466 Aac.
1284 3427 1307 3466 c.
1326 3410 1379 3464 Inf.

797 3502 932 3555 neminem
951 3502 979 3553 in
998 3516 1115 3567 aequum
1133 3499 1223 3553 locum
1248 3513 1308 3553 sese
1335 3499 1380 3553 de-

799 3589 907 3642 mittere
927 3589 1013 3653 steht,
1034 3603 1065 3641 so
1084 3589 1121 3641 ist
1140 3602 1190 3641 aus
1210 3588 1272 3641 dom
1297 3602 1379 3655 nega-

797 3678 870 3730 tiven
895 3675 1113 3743 Subjelrtsaccus.
1144 3676 1193 3729 der
1219 3674 1381 3729 affirmative

798 3764 903 3828 Begriff
920 3778 1013 3818 omnes
1038 3780 1072 3816 zu
1099 3753 1244 3829 erginzen.
1264 3792 1298 3801 -
1316 3752 1381 3815 couss

797 3851 895 3905 tiucuta'
913 3851 1027 3917 impetu,
1046 3851 1075 3903 in
1089 3846 1380 3904 ¹ununterbrochenem

800 3938 1064 4005 Vorwartsdrungen
1092 3938 1117 3991 ιι.
1143 3938 1170 3991 ιι.
1193 3938 1221 3991 ιιι
1249 3944 1381 4009 ununter·

799 4027 965 4082 brochenem
983 4025 1078 4081 Laule.
1387 4021 1390 4027 ’

835 4119 859 4169 4.
881 4112 1033 4167 Oeucibenci
1051 4111 1144 4177 ccede,
1159 4110 1202 4179 cf..
1214 4127 1237 4165 c.
1256 4116 1280 4165 3.
1303 4115 1325 4163 1.
1348 4142 1379 4149 -—

778 4202 890 4255 'labore
917 4202 1019 4277 operia,
1033 4266 1036 4271 ι
1051 4201 1136 4254 durch
1162 4199 1205 4253 die
1228 4198 1381 4265 mdhaelige

801 4289 1092 4358 Belagerungearbeit,
1120 4288 1222 4343 welche
1241 4288 1317 4355 ndtig
1335 4302 1381 4375 ge·
