2934 4750
166 135 207 197 54
641 149 683 205 De
701 149 773 206 bello
793 149 907 208 Gallico.

219 308 287 356 esse
310 290 345 355 in
367 292 473 372 armis,
498 290 638 359 Senones
660 291 702 357 ad
725 291 916 375 imperatum
939 310 1002 357 non
1024 292 1133 357 venire
1156 299 1190 358 et
1214 309 1283 356 cum
1303 288 1381 356 Car-

217 396 346 461 nutibus
369 395 576 479 fiuitimisque
592 397 774 463 civitatibus
790 398 922 464 consilia
938 399 1180 477 communicare,
1199 416 1224 461 ¹a
1238 397 1382 462 Treveris

219 500 394 568 Germanos
410 504 530 569 crebris
553 503 767 586 legationibus
783 503 955 584 sollicitari,
979 503 1134 569 maturius
1154 504 1215 569 sibi
1238 503 1276 568 de
1299 501 1385 568 bello

219 606 579 691 cogitandum'putavit.

185 725 198 773 1
306 717 335 780 3.
359 714 471 796 Itaque
494 713 632 781 nondum
647 714 752 780 hiems
768 713 913 780 coniecta
928 714 1079 797 proximis
1095 718 1248 795 quattuor
1265 713 1384 780 coactis

183 818 393 899 alegionibus
417 820 456 886 de
478 821 649 901 improviso
671 821 704 886 in
726 818 806 886 lines
822 819 1009 886 Nerviorum
1033 819 1194 886 contendit
1216 825 1257 899 et,
1281 818 1387 900 prius-

218 940 312 1005 quam
334 923 381 989 illi
404 930 461 990 aut
484 926 653 992 convenire
677 931 734 991 aut
754 925 923 1008 profugere
946 932 1086 1008 possent,
1118 943 1233 1008 magno
1261 925 1388 1006 pecoris

217 1034 312 1111 atque
344 1029 505 1097 bominum
527 1049 660 1098 numero
682 1036 777 1114 capto
801 1036 896 1114 atque
926 1049 965 1097 ea
991 1031 1112 1113 praeda
1134 1030 1288 1097 militibus
1311 1047 1387 1094 con·

218 1153 308 1201 cessa
330 1137 530 1218 vastatisque
552 1138 638 1218 egris
660 1137 693 1203 in
716 1135 907 1202 deditionem
930 1137 1038 1202 venire
1061 1141 1157 1216 atque
1174 1134 1300 1201 obsides
1323 1134 1387 1199 sibi

183 1238 296 1306 adare
320 1243 433 1324 coegit.
480 1243 527 1307 Eo
551 1243 697 1309 celeriter
725 1241 870 1309 coniecto
900 1242 1027 1324 negotio
1055 1258 1165 1306 rursus
1196 1241 1228 1306 in
1249 1239 1389 1306 hiberna

182 1345 358 1430 riegioues
380 1348 517 1416 reduxit.
564 1348 701 1415 Concilio
724 1347 848 1414 Galliae
875 1348 977 1429 primo
1009 1365 1099 1429 vere,
1130 1353 1167 1412 ut
1189 1347 1384 1426 instituerat,

217 1451 348 1532 indicto,
383 1470 453 1518 eum
489 1454 603 1536 reliqui
637 1460 765 1537 praeter
797 1452 949 1534 Senones,
984 1451 1140 1518 Carnutes
1169 1452 1388 1533 Treverosque

217 1558 387 1639 venissent,
419 1558 544 1625 initium
572 1560 648 1626 belli
662 1579 709 1662 xac
732 1559 917 1626 delectionis
940 1558 1000 1624 boc
1029 1575 1099 1626 esse
1131 1557 1316 1637 arbitratus,
1349 1565 1385 1622 ut

218 1663 323 1728 omnia
355 1670 548 1747 postponere
577 1666 756 1744 videretur,
794 1663 958 1731 concilium
996 1665 1157 1730 Lutetiam
1190 1663 1385 1729 Parisiorum

182 1768 376 1836 stransiert.
428 1769 574 1838 Confines
605 1777 697 1838 erant
725 1771 758 1838 hi
786 1770 964 1837 Senonibus
1002 1770 1222 1851 civitatemque
1253 1775 1384 1851 patrum

215 1876 368 1941 memoria
383 1876 617 1960 coniunxerant,
634 1878 691 1944 sed
705 1877 746 1944 ab
763 1876 821 1943 hoc
836 1876 965 1942 consilio
977 1874 1095 1941 afuisse
1108 1873 1384 1941 existimabantur.

181 1978 285 2046 oHac
307 2000 343 2046 re
366 2000 425 2065 pro
448 1991 600 2066 suggestu
616 1983 824 2066 pronuntiata
846 1971 957 2048 eodem
980 1982 1031 2047 die
1055 1999 1127 2047 aum
1149 1979 1325 2061 legionibus
1349 1980 1383 2044 in

215 2085 356 2152 Senones
378 2085 590 2170 proficiscitur
613 2089 799 2172 magnisque
822 2088 991 2153 itineribus
1014 2105 1051 2153 so
1073 2087 1229 2169 pervenit.

164 2364 256 2420 rores,
274 2349 414 2419 Oueroesi,
431 2350 560 2407 Paemani
578 2353 605 2406 in
622 2352 747 2423 Belgium
835 2353 860 2407 3.
878 2349 988 2421 negotio
1006 2347 1134 2419 httufiger
1152 2363 1204 2405 von
1216 2345 1295 2401 siner
1313 2343 1378 2399 mili·

164 2437 437 2507 niedsrgelasaen.—
449 2438 574 2508 Senones
585 2440 619 2496 cf.
626 2443 659 2497 V.
669 2445 745 2498 sta
800 2439 943 2495 tariscben
954 2438 1188 2506 Unternehmuug,
1206 2434 1240 2491 cf.
1260 2450 1275 2489 c
1294 2436 1337 2488 34.
1358 2436 1383 2487 b.

166 2555 199 2565 -
210 2526 420 2595 adimperotum
435 2528 502 2597 ,aui
515 2530 611 2585 seiueu
622 2530 746 2601 Belebl“,
835 2568 860 2618 4·
882 2560 1001 2617 Compi„
1022 2560 1138 2626 (papiae,
1160 2558 1195 2614 cf,
1213 2574 1247 2613 zu
1266 2556 1299 2611 v,
1318 2560 1343 2610 2,
1357 2559 1384 2609 4,

166 2613 200 2673 οἷ·
216 2615 242 2671 b·
260 2631 285 2669 ⁰·
303 2616 338 2669 ῙῙ·
357 2618 399 2670 43·
420 2620 436 2671 3
454 2616 490 2671 αὖ
504 2616 746 2688 ⁰ffi⁰i¹¹⁰¹i¹²¹p⁰¹i'
800 2653 857 2707 Der
875 2651 1004 2717 Landtag
1021 2664 1078 2703 war
1096 2649 1167 2702 nach
1187 2643 1383 2700 Samarobriva

165 2718 266 2802 ¹¹}qu
283 2704 491 2760 ⁰⁰¹¹V⁰¹¹i⁰b⁸m⁶
511 2736 546 2747 ““
561 2721 621 2760 cum
640 2707 746 2761 ‘mu'
800 2738 925 2794 berufsn,
944 2767 978 2777 -
996 2742 1027 2791 ut
1039 2737 1198 2790 instituerat
1209 2754 1240 2777 =
1251 2731 1385 2785 instit-uto

165 2792 247 2859 ΜΝ)
273 2791 307 2847 d·
325 2792 359 2851 V·
377 2796 421 2849 ²5·
442 2799 466 2849 ¹·
485 2824 518 2833 ““
537 2796 655 2850 mma
678 2812 746 2851 Μ’·
800 2841 858 2894 suo,
870 2825 905 2881 cf.
917 2827 991 2883 too.
1004 2829 1027 2881 1.
1039 2822 1143 2890 eboc,
1156 2818 1384 2876 dasAusbleiben

165 2879 305 2934 incarcere
341 2882 630 2950 ,gemeinschaftliohe
659 2884 747 2941 Sache
801 2913 850 2968 der
873 2914 931 2969 dmi
956 2913 1109 2980 chhqgen
1137 2906 1383 2964 valpersehaften.

166 2968 306 3023 ¹¹¹⁸⁰h⁰¹¹“·
422 3059 428 3069 ·
801 3030 835 3041 -
853 3000 1000 3069 clametur,
1019 2998 1181 3069 passivisch.
1195 3026 1226 3035 -
1240 2993 1383 3048 Maiestam

191 3054 245 3155 ¹3⁰·
265 3060 289 3115 1·
303 3059 442 3125 Imm
453 3064 586 3127 immi
597 3061 746 3116 ‘mame'
801 3088 984 3156 Parisiorum,
1010 3088 1107 3154 Paris,
1126 3085 1176 3141 auf
1192 3084 1268 3139 einer
1287 3080 1384 3136 Seiae·

166 3144 304 3213 gennabus,
322 3145 417 3202 aulser
430 3146 482 3201 den
494 3164 540 3202 um
553 3148 748 3206 Samarobriva
802 3177 875 3232 Im}
894 3178 1016 3246 κώμῃ,
1061 3176 1090 3231 0·
1109 3173 1201 3229 volpe
1220 3172 1272 3225 den
1291 3169 1383 3224 Laud.

165 3230 316 3299 lsssseffldess
329 3234 528 3303 1³⁰810110¹¹d⁶⁸
540 3236 667 3304 cmm&
681 3238 748 3293 Tre·
802 3272 850 3333 tag
860 3263 1005 3333 moglichst
1019 3264 1047 3317 iu
1057 3262 1106 3317 der
1116 3261 1196 3316 Nahe
1206 3259 1255 3315 des
1267 3258 1385 3323 Kriegs-

166 3320 264 3376 bonius
285 3322 341 3377 und
359 3322 455 3379 Cicero
472 3323 517 3392 (cf.
537 3324 569 3379 V.
588 3328 630 3379 53.
650 3328 685 3394 3.)
704 3326 748 3381 die
802 3353 994 3421 schauplffles
1013 3348 1151 3405 abhgpen,

165 3408 271 3476 Legion
282 3408 330 3464 dea
340 3410 452 3477 Fabius,
471 3410 573 3466 welche
586 3412 623 3465 im
632 3412 749 3469 Gobiete

166 3496 346 3553 domme„
364 3500 568 3567 flberwjnteroe’
582 3500 616 3555 cf·
627 3500 710 3555 m·
721 3506 748 3558 2·
836 3462 861 3513 5.
880 3458 1069 3525 civitatemque
1088 3496 1095 3511 .
1114 3499 1121 3513 .
1141 3497 1148 3512 .
1173 3455 1385 3508 consuaserunt.

801 3549 853 3604 Die
872 3548 995 3602 Parisier
1021 3546 1117 3601 hatten
1142 3543 1237 3598 frtrher
1262 3540 1311 3594 mit
1329 3539 1381 3594 den

201 3588 626 3654 2’pmqmm“'p⁰mm'in
637 3587 748 3645 finalem
802 3638 925 3694 Senones
945 3636 1026 3693 einen
1045 3634 1230 3735 Bundesstaat
1253 3628 1385 3697 gebildet.

166 3672 263 3738 Siune;
292 3673 365 3727 deun
392 3688 423 3729 es
441 3675 486 3743 lag
507 3676 536 3730 in
563 3675 611 3731 der
628 3678 748 3733 Absioht

167 3760 747 3828 Caesars,denNerviernzuvorzukommen
837 3763 862 3815 6.
880 3760 992 3826 Hocre,
1012 3759 1055 3814 die
1066 3754 1318 3823 Uubotmassigkoit
1333 3752 1381 3807 dor

166 3877 201 3917 e
219 3849 375 3917 capraccia
392 3850 674 3908 nraaoaecoaceesa.
693 3852 746 3908 Die
800 3849 935 3917 Senonen,
954 3849 1090 3903 Treverer
1110 3864 1137 3901 u.
1154 3844 1303 3901 Carnuten,
1330 3840 1381 3894 Die

166 3937 256 3992 Beute
274 3936 390 4005 gehorte
402 3939 551 4007 eigentlich
565 3939 627 3995 dem
639 3940 746 4008 Staate,
800 3937 957 4005 Mitteilung
971 3936 1093 4005 geschah
1108 3933 1158 3989 aul
1174 3932 1235 3987 dam
1248 3931 1318 3985 nach
1328 3928 1379 3983 Lu-

168 4024 212 4079 dis
249 4024 379 4081 Soldaten
412 4027 547 4083 erhieltau
580 4044 632 4083 nur
665 4029 746 4084 einen
799 4027 868 4081 tetis
905 4024 1047 4092 verlegten
1071 4022 1224 4099 Laudtage.
1261 4047 1295 4057 —
1326 4031 1382 4085 pro

165 4111 381 4168 kleinenanteil
394 4114 494 4180 davon;
513 4116 574 4172 hier
592 4118 645 4186 gab
662 4118 745 4173 ibnen
798 4118 938 4183 suggesto,
962 4129 1028 4169 rorn
1047 4112 1096 4167 auf
1113 4111 1162 4165 der
1180 4105 1380 4163 Rednerbbhne

168 4200 196 4255 O.
215 4202 259 4258 die
276 4219 362 4271 ganzo
380 4204 474 4260 Beute.
570 4204 574 4210 ’
802 4201 917 4258 stehend
935 4200 960 4255 d.
980 4200 1006 4255 b.
1025 4216 1077 4255 von
1101 4199 1149 4254 der
1168 4195 1379 4251 Rednerbitbne.
