2934 4750
563 237 665 294 Oomm.
685 237 747 291 vn.
768 237 873 306 (ἰῇ-67
1288 227 1350 306 61,

111 383 271 444 extremos
293 377 470 459 Lingonum
494 375 573 442 fines
596 380 658 443 iter
690 377 821 459 faceret,
854 397 916 459 quo
944 377 1068 444 facilius
1101 378 1275 444 subsidium
1320 359 1323 365 ’

110 484 293 565 provinciae
316 482 391 548 ferri
414 488 530 564 posset,
554 484 680 550 circiter
712 484 799 549 milia
828 502 980 565 passuum
1010 503 1030 547 x
1058 484 1097 549 ab
1127 484 1276 549 Romanis

111 589 204 655 trinis
227 589 341 654 castris
365 589 602 671 Vercingetorix
626 590 768 656 consedit
791 591 1035 671 convocatisque
1053 591 1093 655 ad
1109 579 1274 655 concilium
1295 603 1314 652 3

78 752 84 759 ,
111 693 281 774 praefectis
305 695 447 775 equitum
469 695 596 759 venisse
619 701 745 777 tempus
761 696 911 760 victoriae
928 695 1143 760 demonstrat:
1158 693 1275 775 ‘fugere

111 801 145 863 in
167 801 362 880 provinciam
384 800 543 865 Romanos
568 800 736 881 Galliaque
758 801 916 886 excedere.
962 801 999 865 Id
1027 801 1085 866 sibi
1116 801 1154 865 ad
1184 813 1313 881 prae-4

112 910 235 970 sentem
258 905 461 970 obtinendam
484 904 666 971 libertatem
690 901 769 971 satis
794 924 877 984 esse;
912 906 953 971 ad
982 906 1095 988 reliqui
1124 907 1274 987 temporis
1323 928 1351 982 q

110 1029 222 1091 pacem
245 1017 341 1092 atque
357 1011 457 1075 otium
472 1029 584 1092 parum
601 1009 729 1093 profici3
754 1012 925 1077 maioribus
942 1013 1025 1076 enim
1042 1013 1160 1077 coactis
1177 1012 1274 1092 copiis

16 1146 20 1151 ·
110 1133 296 1180 reversuros
320 1134 423 1196 neque
445 1115 540 1187 finem
562 1116 701 1181 bellandi
723 1115 873 1181 facturos.
920 1116 1056 1182 Proinde
1085 1118 1118 1180 in
1149 1117 1275 1198 agmine

111 1221 279 1301 impeditos
307 1221 500 1286 adoriuntur.
547 1220 580 1286 Si
613 1222 737 1302 pedites
765 1224 830 1286 suis
863 1223 1015 1306 auxilium
1046 1221 1152 1287 ferant
1180 1227 1312 1303 arquos

111 1327 147 1389 in
169 1344 205 1390 eo
221 1332 393 1407 morentur,
409 1326 472 1390 iter
487 1325 592 1392 facere
607 1344 670 1390 non
686 1345 793 1408 posse;
816 1329 851 1406 si,
869 1328 901 1390 id
917 1328 1001 1408 quod
1017 1327 1118 1408 magis
1134 1327 1274 1391 futurum

114 1429 259 1511 confidat,
292 1430 411 1496 relictis
441 1432 675 1513 impedimentis
707 1451 783 1496 suae
816 1432 912 1497 soluti
948 1422 1121 1512 consulant,
1153 1437 1185 1496 et
1217 1450 1276 1496 usn
1305 1459 1309 1466 ·

111 1540 219 1601 rernm
243 1521 496 1602 necessariarum
520 1543 552 1602 et
575 1537 729 1617 dignitate
753 1537 921 1618 spoliatum
937 1539 985 1604 iri.
1033 1538 1112 1603 Nam
1129 1538 1168 1603 de
1189 1540 1275 1619 equi·
1294 1550 1312 1600 6

110 1643 196 1707 tibus
220 1642 367 1722 hostium,
392 1643 468 1724 quin
490 1659 582 1707 nemo
605 1661 714 1707 eorum
738 1643 887 1725 progredi
911 1643 1008 1708 'modo
1039 1633 1129 1709 extra
1160 1629 1274 1724 agmen

111 1749 238 1828 audeat,
262 1767 302 1812 ne
326 1749 410 1829 ipsos
434 1749 560 1829 quidem
584 1749 701 1814 debere
724 1748 881 1815 dubitare.
928 1750 963 1813 ld
979 1767 1040 1830 quo
1057 1751 1176 1814 maiore
1196 1749 1273 1813 faei-

114 1859 172 1917 ant
195 1854 311 1933 animo,
336 1854 444 1936 copias
467 1871 502 1918 se
524 1872 632 1918 omnes
656 1873 713 1935 pro
742 1856 857 1920 castris
886 1854 1071 1919 habiturum
1102 1860 1135 1918 et
1161 1856 1276 1931 terrori

111 1957 255 2022 hostibus
271 1959 421 2030 futurum.
469 1949 676 2031 conclamant
692 1960 831 2040 equites:
855 1960 1056 2024 sanctissimo
1070 1959 1274 2023 iureiurando
1294 1969 1312 2020 7

111 2062 291 2128 confirmari
314 2070 470 2145 oportere,
495 2065 644 2129 detecto
667 2065 848 2147 recipiatur,
873 2084 913 2128 ne
936 2064 977 2128 ad
1008 2064 1131 2143 liberos
1163 2083 1202 2128 ne
1233 2065 1273 2128 ad
1299 2101 1305 2110 ·

110 2176 270 2250 parentes
294 2187 332 2234 ne
357 2171 398 2234 ad
421 2187 551 2233 uxorem
575 2170 695 2234 aditum
719 2169 847 2251 habeat,
871 2171 924 2250 qui
945 2188 1007 2234 non
1023 2171 1070 2235 bis
1087 2187 1144 2251 per
1160 2189 1273 2251 agmen

111 2274 252 2340 hostium
272 2275 488 2356 perequitarit.
568 2317 570 2320 >

219 2385 269 2446 67.
308 2380 446 2445 Probata
467 2399 502 2446 re
513 2381 615 2473 atque
631 2381 775 2445 omnibus
791 2381 992 2445 iureiurando
1007 2381 1128 2445 adactis
1144 2353 1271 2461 postero
1293 2396 1308 2444 1

111 2485 163 2550 die
184 2487 217 2549 in
240 2492 307 2551 tres
330 2491 438 2567 partes
463 2486 632 2552 distributo
655 2488 801 2568 equitatu
824 2488 905 2551 duae
929 2505 963 2551 se
987 2488 1071 2552 acies
1095 2486 1271 2580 abduobus
1351 2527 1354 2532 -

110 2715 205 2783 gebiet
230 2714 278 2768 der
302 2708 445 2781 Lingones
471 2713 532 2782 (per
552 2721 690 2767 extremos

110 2804 261 2871 Lingonum
282 2797 361 2870 fines)
379 2803 574 2857 marschieren.

146 2886 691 2958 dmmmemm

110 2981 242 3033 Bibracte
267 2979 461 3047 gesammeiten
481 2978 611 3046 Truppen
631 2978 691 3031 dem

111 3068 268 3121 romischen
303 3067 406 3120 Heere·
435 3073 692 3133 entgegengez'ogen

110 3156 166 3210 und
194 3156 274 3208 hatto
301 3154 360 3208 sich
385 3170 419 3207 an
448 3155 497 3208 der
523 3155 691 3221 Vingeanno,

111 3246 198 3299 ciuem
209 3241 438 3298 Nebenfldischen
459 3241 508 3295 der
527 3242 626 3309 Saone,
644 3256 691 3308 ge·

110 3332 209 3398 legent,
223 3347 268 3383 um
285 3329 345 3383 dem
362 3330 390 3384 O.
404 3329 457 3383 den
471 3329 541 3395 Weg
554 3329 631 3383 'nach
641 3328 691 3381 der

110 3419 265 3484 romiscben
285 3418 400 3472 Pr-orinz
419 3435 453 3470 zu
472 3418 607 3485 corlegen.

146 3511 171 3561 4.
190 3505 323 3572 Proinde,
342 3506 408 3559 dber
433 3505 509 3559 diese
528 3504 690 3562 Coniunctio

110 3588 268 3675 conclusiva
285 3595 321 3647 im
341 3593 636 3661 Aufforderungssatze
655 3594 690 3649 cf.

111 3688 153 3740 38.
173 3687 190 3737 8
208 3700 231 3738 c.
251 3686 294 3737 50.
313 3686 338 3736 6.
659 3758 661 3763 Α

146 3776 171 3827 b.
192 3770 223 3823 st
241 3770 348 3837 pedites
366 3769 424 3823 suis
436 3768 573 3821 nubilium
589 3768 691 3834 ferant,

109 3876 187 3915 wenn
212 3859 255 3913 die
273 3859 413 3926 Legionen
437 3857 481 3909 ihr
500 3856 613 3923 Gepbck
636 3856 692 3909 und
709 3896 713 3903 .

109 3950 169 4002 ibre
188 3947 266 4001 Habe
293 3946 456 4000 beschdtzen
484 3944 540 3997 und
567 3943 689 3998 dadurch

110 4038 152 4092 sie
169 4035 312 4089 anibalten
332 4033 449 4087 wollten.
460 4032 534 4100 —ia
545 4048 576 4084 co
588 4046 692 4084 moren-

110 4131 166 4190 tur,
185 4124 220 4178 cf.
240 4140 263 4177 c.
276 4124 319 4176 82,
338 4123 355 4174 4
374 4122 402 4174 in
421 4121 465 4174 bis
476 4120 560 4173 rebus
579 4120 692 4173 admini-

110 4212 229 4270 strandis
256 4210 364 4264 morati.
390 4238 417 4249 ·-
447 4209 501 4262 r'ter
522 4208 613 4274 facere
635 4223 692 4259 non

43 4321 53 4338 ⁰
105 4315 194 4368 posse,
205 4298 264 4352 scil.
273 4298 344 4352 nach
354 4297 403 4350 der
414 4296 530 4350 Provinz
543 4295 608 4349 oder
622 4293 691 4349 doch

746 2714 908 2780 wenigstens
919 2714 947 2767 in
958 2714 1001 2767 die
1013 2715 1091 2767 Ndbe
1102 2712 1253 2767 derselben,
1264 2719 1329 2765 -et

745 2816 797 2853 usco
815 2816 907 2855 rerum
925 2802 1138 2854 neccessariurnm
1150 2806 1175 2853 et
1188 2800 1324 2869 dignitate

745 2888 954 2955 spoliaremini,
986 2905 1062 2942 wenn
1093 2889 1132 2942 sie
1169 2890 1221 2941 den
1240 2888 1309 2942 Tros
1321 2930 1322 2933 ,

746 2978 773 3029 in
801 2976 852 3029 den
872 2975 987 3045 Hinden
1014 2974 1062 3029 der
1087 2975 1190 3029 Feinde
1215 2966 1324 3038 diessen,

745 3064 817 3117 dunn
837 3063 947 3119 udrden
966 3065 1004 3118 sie
1023 3064 1125 3119 sowohl
1139 3064 1199 3117 eine
1212 3064 1326 3116 materi-

746 3152 798 3205 eile
811 3151 852 3205 als
863 3152 934 3205 auch
945 3152 1006 3205 eine
1016 3152 1179 3205 moraliscbe
1188 3151 1327 3218 Schlappe
1374 3186 1376 3190 ·

745 3240 873 3295 erleiden.

781 3332 805 3383 6,
825 3328 857 3381 de
874 3326 1009 3395 equitibus
1023 3326 1149 3391 bostium,
1170 3326 1244 3379 diese
1257 3331 1327 3378 Aus-

745 3416 927 3479 drncksweise
947 3416 992 3469 hat
1011 3414 1040 3468 Ο.
1052 3415 1119 3477 41πίθῖ
1137 3412 1255 3481 gewbhlt
1274 3425 1348 3466 we·

744 3508 820 3573 niger
839 3522 884 3558 nm
903 3504 956 3559 den
968 3501 1075 3571 Begriff
1090 3502 1200 3556 starker
1213 3502 1327 3555 hervor-
1367 3494 1369 3499 ’

746 3595 877 3659 rohebam
905 3594 955 3646 wie
982 3592 1015 3645 V.
1047 3594 1087 3644 13.
1119 3594 1134 3643 3
1166 3590 1199 3643 de
1228 3591 1328 3655 quibus

745 3682 851 3747 insulis,
862 3680 903 3735 als
914 3679 1044 3733 vielmehr
1055 3695 1099 3731 um
1114 3678 1164 3732 den
1179 3677 1327 3745 doppelteu

746 3765 1316 3836 Genetiveqnitumhostiumanvermeiden

746 3887 778 3897 -
795 3855 927 3926 progredi
945 3854 1033 3919 niodo,
1046 3844 1127 3907 modo
1140 3854 1167 3906 in
1178 3852 1327 3906 beschrbn·

746 3944 861 3999 kendem
881 3943 972 4008 Sinne,
992 3940 1026 3995 cf.
1046 3957 1069 3998 c.
1088 3943 1131 3993 76.
1150 3945 1166 3993 5
1185 3948 1327 4007 aspectum

747 4033 826 4086 modo
847 4074 852 4086 .
873 4074 880 4087 .
900 4072 906 4085 .
926 4030 1053 4085 sustineri
1072 4043 1161 4096 posse.

733 4130 751 4148 ”
781 4121 827 4175 67.
858 4124 889 4173 ι1.
917 4118 1040 4171 omnibus
1067 4114 1250 4169 iureiurando
1277 4115 1328 4167 ad-

746 4209 815 4261 actis
836 4208 985 4277 ,nncbdem
1015 4204 1068 4258 alie
1095 4205 1145 4258 den
1164 4188 1327 4257 Fabneneid

746 4296 843 4349 hatten
868 4295 1008 4350 schubren
1032 4292 1171 4355 mussen“;
1197 4300 1275 4346 sonat
1301 4292 1327 4345 b.
