2934 4750
544 221 606 277 Lib.
625 221 645 274 1.
683 224 795 276 30-31.
1229 209 1271 268 47

73 361 271 442 nobilitatem,
294 382 416 426 omnem
438 368 592 441 senatum,
615 383 735 428 omnem
757 364 931 445 equitatum
954 363 1110 429 amisisse.
1143 362 1255 442 Qui-7

74 467 126 530 bus
149 466 285 548 proeliis
314 467 611 550 calamitatibusque
640 467 771 548 fractos,
803 468 859 550 qui
888 473 918 532 et
947 487 1009 532 sua
1040 467 1157 532 uirtute
1191 473 1221 531 et

71 572 179 653 populi
194 571 331 638 Romani
352 573 489 652 bospitio
505 576 599 656 atque
614 573 759 638 muicitio
772 573 949 652 plurimum
965 579 1039 638 arcte
1053 573 1091 637 iu
1108 572 1220 638 Gallia

70 678 253 756 potuissent,
277 683 399 744 coactos
421 699 487 744 esse
503 677 663 760 Sequanis
686 678 810 744 obsides
826 678 905 744 dare
920 678 1133 744 mobilissimos
1148 677 1221 743 cini

71 785 145 849 totis
172 790 202 849 ct
223 784 432 850 iureiurando
455 785 615 850 ciuitatem
637 784 843 866 obstrinqere,
875 802 941 850 sese
970 804 1069 866 neque
1099 783 1222 850 obsides

73 889 259 969 repetituros
289 910 389 972 neque
421 877 584 954 ancilium
618 911 639 954 a
671 889 792 970 populo
813 888 959 954 Romano
992 888 1221 972 imploraturos

72 1015 164 1075 neque
194 1000 408 1073 recusaturos,
442 1015 500 1076 quo
529 996 637 1060 minus
661 1001 820 1076 perpetuo
851 995 908 1060 sub
936 994 1066 1060 illorum
1098 994 1221 1058 dicione

71 1106 159 1182 atque
178 1101 314 1182 imperio
329 1107 438 1166 essent.
476 1100 580 1166 Unum
594 1120 629 1166 se
644 1118 709 1166 esse
725 1121 765 1164 eu
779 1102 865 1166 omui
880 1101 1009 1166 ciuitate
1027 1100 1220 1176 Aeduorum,
1239 1117 1256 1168 8

71 1206 122 1287 qui
148 1205 269 1271 adduci
298 1226 363 1271 nou
387 1207 538 1286 potuerit,
570 1211 606 1270 ut
635 1207 761 1271 iuraret
783 1212 840 1270 aut
865 1206 980 1271 liberos
1001 1225 1076 1270 suos
1098 1203 1221 1270 obsides

70 1310 164 1376 daret.
215 1309 260 1375 Ob
290 1332 358 1376 eam
388 1331 454 1375 rem
483 1331 517 1376 se
544 1311 740 1411 ecocioitote
759 1311 946 1392 profuqisse
968 1315 998 1376 et
1020 1309 1155 1375 Romam
1178 1308 1256 1379 ads

70 1422 211 1481 senatum
233 1417 356 1482 uenisse
379 1416 538 1481 ancilium
554 1417 768 1498 postulatum,
801 1414 886 1497 quod
905 1415 995 1481 solus
1016 1436 1115 1498 neque
1135 1416 1222 1479 iure-

69 1521 203 1587 iurando
220 1542 319 1602 neque
337 1521 499 1587 obsidibus
522 1527 690 1588 teneretur.
713 1521 778 1587 seo
792 1523 890 1604 peius
911 1522 1083 1586 victoribus
1106 1519 1221 1602 Sequa-
1242 1540 1276 1590 10

70 1628 118 1692 uis
146 1648 244 1710 quam
266 1626 392 1692 Aeduis
418 1628 511 1693 uictis
533 1627 698 1706 accidisse,
724 1631 900 1708 propterea
921 1626 1005 1708 quod
1026 1625 1221 1702 Aricinum,

70 1753 123 1797 rea
159 1733 410 1812 Germanorum,
451 1735 487 1797 in
519 1753 626 1799 eorum
658 1733 779 1815 purius
813 1732 1004 1798 consedisset
1036 1732 1223 1811 tertiamque

65 1844 189 1916 portem
219 1840 294 1921 apri
322 1837 471 1920 Sequani,
502 1839 557 1920 qui
590 1843 667 1904 esset
690 1839 828 1918 optimus
850 1838 947 1903 totius
972 1836 1109 1913 Galliae,
1134 1854 1221 1900 occu·

69 1945 207 2022 pavisset
241 1949 272 2009 et
304 1965 389 2010 nuuc
420 1944 458 2008 de
488 1943 592 2009 altero
621 1949 719 2026 parte
753 1944 849 2008 tertia
878 1941 1042 2024 Sequanos
1075 1942 1222 2007 decedere

12 2097 13 2138 3
71 2049 194 2128 iuberet,
212 2056 390 2131 propterea
412 2049 496 2132 quod
514 2049 631 2130 paucis
653 2049 812 2114 mensibus
834 2054 910 2114 aute
932 2047 1104 2112 Harudum
1126 2046 1200 2111 mil'

12 2147 13 2170 ¹
69 2155 229 2220 bominum
249 2155 378 2220 XXIV
395 2155 440 2220 ad
461 2176 532 2220 cum
554 2156 722 2233 uenissent,
746 2155 862 2237 quibus
884 2154 972 2219 locus
994 2174 1032 2219 ac
1053 2153 1143 2219 sedes
1159 2173 1221 2233 pa-

71 2265 229 2326 rarentur.
274 2261 435 2326 Futurum
463 2278 528 2326 esse
548 2259 668 2342 paucis
697 2262 802 2338 aunis,
832 2260 882 2324 uti
904 2277 1010 2324 omues
1031 2279 1071 2325 eu
1094 2258 1221 2324 Galliae
1241 2278 1273 2327 11

12 2355 14 2421 l
69 2365 181 2444 diibus
206 2366 407 2447 pellerentur
431 2372 525 2450 atque
548 2386 654 2433 omnes
679 2366 836 2432 Germani
858 2365 1004 2431 liberium
1027 2366 1221 2432 transirent:

12 2426 14 2565 l
71 2490 163 2553 neque
187 2474 272 2537 euim
291 2472 517 2555 conferendum
533 2492 599 2537 esse
619 2472 781 2537 Gallicum
795 2492 866 2537 cum
883 2470 1117 2536 Germanorum
1132 2491 1221 2554 apro,

71 2596 164 2659 neque
202 2578 285 2642 banc
323 2578 577 2643 cousuetudinem
613 2578 716 2643 uictus
754 2597 824 2643 cum
860 2576 920 2641 illa
964 2576 1221 2657 comparandam.

12 2808 15 2821 ’
103 2808 126 2860 7.
155 2804 260 2874 quau
279 2803 390 2872 poecile
414 2810 464 2859 eu.
499 2792 574 2860 iiber
593 2805 645 2860 oen
699 2804 907 2874 Wortsunung,
920 2801 1276 2857 umuiennruuteneun-

71 2906 123 2946 aee.
136 2909 159 2947 c.
175 2891 224 2946 inf.
238 2892 266 2946 iu
281 2892 339 2947 dem
351 2892 521 2947 Relativsatz
534 2892 646 2947 Schultz
700 2893 763 2948 ders
781 2890 1014 2948 hervorzuhebeu.
1041 2919 1076 2928 -
1102 2888 1186 2943 teriia
1205 2904 1276 2956 pars

72 2979 646 3049 unhnmn.&purcman—popum.
700 3002 730 3025 =
746 2982 791 3035 ein
803 2979 957 3049 ,Dritteil“.
967 3009 1000 3017 —
1013 2976 1151 3043 Harudes,
1162 2978 1206 3031 ein
1215 2992 1275 3044 ger·

72 3066 192 3135 hospitio.
231 3069 274 3123 De
299 3069 436 3123 zmsuhen
454 3068 506 3123 deu
524 3069 645 3124 nomem
698 3064 1203 3123 mauischesVolkuwisuhenNeokar
1220 3065 1274 3119 und

73 3155 121 3209 und
144 3156 198 3213 den
217 3146 327 3211 ionem
351 3157 395 3211 eiu
413 3155 509 3211 foedus
528 3172 645 3223 nequum
697 3152 1275 3222 nocensne-conuuuistwegeuseiher

12 3294 13 3297 ,
73 3241 191 3311 beniuud,
219 3260 250 3299 so
274 3244 369 3300 hatten
392 3246 432 3319 sie
455 3244 527 3299 auch
550 3250 643 3299 unter·
698 3240 1275 3312 Stelluuguichtmifflurudumnuverbin·

74 3331 197 3387 einander
225 3332 373 3401 hospitium
401 3323 547 3402 publicum,
566 3332 592 3387 d.
617 3332 643 3386 h.
698 3331 760 3399 den,
772 3331 891 3386 eundern
904 3329 953 3385 der
963 3330 1030 3385 Gen.
1038 3329 1179 3384 Harudum
1188 3330 1276 3398 huugt

73 3416 128 3473 ihre
157 3419 296 3475 Gesandte
327 3419 438 3475 wurdeu
467 3418 645 3490 beiderseitig
697 3416 1276 3488 abvondemkomponiertenBegriffmilia

72 3506 283 3571 geutheundlich
300 3508 508 3577 nuigeuommeu
526 3510 583 3564 und
597 3508 648 3564 suf
675 3508 838 3564 homiuum
860 3506 958 3561 XXIV.
986 3536 1019 3545 -
1046 3506 1121 3559 locus
1144 3520 1178 3558 ac
1193 3503 1275 3558 sedes.

75 3592 263 3651 stauiskosten
295 3596 427 3651 bewirtet.
464 3625 498 3637 -
532 3594 645 3664 obsides,
699 3596 727 3650 Ο.
746 3596 815 3651 lieht
826 3595 869 3650 die
881 3594 1166 3661 Zunsmmenstellung
1178 3592 1276 3647 under

74 3682 239 3747 pridikstive
258 3682 453 3750 Bestimmuug.
698 3698 862 3753 synonymus
885 3682 1012 3751 Begriffe,
1039 3698 1092 3736 von
1116 3680 1204 3735 denen
1227 3680 1276 3734 der

106 3771 129 3823 8.
153 3770 281 3837 potuerit.
317 3758 394 3825 iiber
421 3772 474 3827 deu
499 3771 582 3841 Kouj.
610 3770 645 3826 ei.
699 3773 760 3827 eine
778 3771 830 3827 deu
848 3770 954 3826 andern
973 3769 1222 3825 niher'bestimmt.
1241 3767 1275 3824 ci.

75 3870 95 3911 c.
114 3861 153 3911 ll.
172 3861 188 3913 3
207 3875 241 3913 uu
260 3858 411 3913 debuerint.
698 3858 763 3929 §12
781 3860 907 3927 exemplu
925 3860 1124 3925 cruciatusque.
1142 3857 1178 3913 11.
1198 3858 1240 3910 19.
1262 3861 1274 3909 l

105 3946 130 4000 9.
147 3944 561 4005 Romamadseuotumueuissc.
578 3945 645 4002 Dies
699 3947 770 4002 ratio
794 3947 924 4015 ordoque.
949 3948 984 4001 11.
1008 3950 1086 4001 221
1115 3950 1213 3999 nutum
1231 3943 1276 3998 de·

77 4033 190 4095 gescheh
203 4048 228 4089 a.
242 4036 277 4089 59
291 4049 316 4093 a.
329 4034 392 4092 Chr.
404 4040 485 4090 uuier
499 4034 560 4089 dem
573 4034 645 4090 Kon-
695 4035 840 4102 ¹iustusque
858 4034 944 4090 collis.

12 4128 13 4137 ¹
77 4118 159 4175 sulate
180 4120 286 4177 essars.
305 4122 339 4178 ci.
358 4123 404 4175 VL
423 4126 465 4177 12.
484 4123 508 4176 5.
737 4145 778 4197 11,
801 4156 891 4194 omme
909 4140 968 4194 scil.
988 4138 1070 4193 Gelli.
1088 4168 1121 4176 -
1139 4154 1224 4205 neque
1242 4180 1249 4193 .
1268 4179 1275 4192 .

110 4228 149 4279 10.
157 4225 647 4296 nidoribuschuanisquamAeduis
698 4225 1276 4295 mque,huntheri-espidincuseundern

77 4309 161 4379 uictis,
190 4314 355 4372 chinstische
380 4316 405 4371 d.
428 4316 457 4372 h.
480 4315 646 4372 kreuzwsise
700 4331 789 4384 neque
811 4316 884 4371 enim
906 4314 983 4371 steht
1006 4330 1050 4371 am
1073 4312 1201 4381 Aufenge
1227 4313 1275 4367 des
