2934 4750
131 207 193 266 llo
257 273 259 277 ¹
365 189 368 194 Ι
600 203 640 272 Dc
659 217 732 271 bello
753 216 866 272 Gallico.
891 209 894 214 ¹

181 337 296 439 deleto,
320 358 410 424 cuius
433 358 546 422 timore
570 341 667 424 autea
682 358 822 423 dividere
838 358 1000 440 praesidia
1015 364 1049 423 et
1064 358 1238 424 munitione
1255 361 1345 442 oppi-

181 465 282 531 danos
306 463 502 530 circumdare
525 464 705 545 prohibitus
728 470 810 542 erat,
834 481 933 546 opera
961 464 1098 545 undiquc
1124 465 1262 546 imperat
1282 467 1346 530 ad-

147 581 163 630 2
181 570 365 635 ministrari.
412 569 507 634 Venit
530 569 641 634 eodem
664 588 736 634 cum
760 570 825 634 suis
849 570 946 651 copiis
962 576 1090 652 postero
1106 570 1156 635 die
1174 569 1207 635 C.
1225 570 1345 636 Fabius

80 721 99 744 .-
155 725 160 731 -
180 682 366 758 partemque
389 675 498 757 oppidi
520 677 616 740 sumit
639 676 682 740 ad
704 676 924 768 obsidendum.

63 808 69 889 J
148 797 160 857 1
288 803 340 865 38.
376 797 494 863 Caesar
518 799 643 882 interim
666 798 708 862 M.
733 797 904 864 Antonium
927 803 1131 879 quaestorem
1154 800 1345 865 cumcohor-

121 978 122 981 Ἴ
180 905 265 969 tibus
287 922 329 978 xv
350 900 383 968 in
407 903 584 969 Bellovacis
607 905 745 995 reliquit,
771 923 810 970 ne
832 923 896 986 qua
916 921 1026 968 rursus
1050 923 1203 970 novorum
1220 905 1345 971 consili-

145 1021 269 1075 2‘orum
293 1010 517 1090 capiendorum
540 1010 647 1092 Belgis
670 1010 803 1075 facultas
829 1010 965 1075 daretur.
1012 987 1084 1091 Ipse
1106 1011 1245 1092 reliquas
1270 1010 1345 1076 civi·

183 1121 267 1180 tates
295 1116 371 1195 adit,
402 1116 528 1180 obsides
560 1116 667 1198 plures
697 1118 842 1204 imperat,
874 1117 1022 1181 timentes
1051 1118 1189 1182 omnium
1221 1117 1345 1181 animos

146 1231 163 1281 a
183 1220 399 1286 consolatione
423 1228 526 1288 sanat.
572 1219 652 1286 Cum
675 1223 706 1286 in
724 1220 880 1289 Carnutes
893 1224 1040 1300 venisset,
1064 1241 1198 1304 quorum
1221 1224 1254 1286 in
1270 1222 1345 1288 civi-

92 1380 96 1386 .
157 1331 248 1393 tate
271 1321 433 1409 superiore
456 1330 682 1403 commentario
707 1327 827 1393 Caesar
849 1330 995 1410 exposuit
1017 1329 1140 1393 initium
1170 1328 1244 1394 belli
1276 1345 1345 1392 esse

104 1418 106 1421 ⁸
167 1422 297 1512 ortum,
322 1433 405 1513 quod
433 1434 603 1514 praecipue
631 1452 685 1498 eos
715 1440 847 1514 propter
877 1435 1100 1500 conscientiam
1129 1433 1204 1499 facti
1231 1435 1344 1498 timere

112 1536 115 1540 ’
173 1537 461 1617 animadvertebat,
479 1557 540 1619 quo
551 1539 683 1604 celerius
693 1541 855 1605 civitatem
868 1541 981 1606 timore
992 1541 1151 1618 liberaret,
1167 1539 1344 1621 principem

180 1643 311 1708 sceleris
335 1643 419 1708 illius
443 1649 475 1707 et
501 1646 729 1709 concitatorem
757 1646 832 1710 belli
862 1645 1056 1711 Gutruatum
1083 1645 1125 1710 ad
1156 1645 1344 1727 supplicium

145 1757 163 1806 4
182 1749 387 1831 depoposcit.⁴
421 1748 483 1826 Qui
506 1751 567 1814 etsi
590 1769 629 1814 nc
653 1751 772 1814 civibus
796 1735 923 1832 quidem
939 1737 1018 1816 ⁴suis
1046 1769 1080 1815 sc
1112 1751 1344 1826 committebat,

181 1858 289 1919 tamen
314 1855 458 1920 celeriter
481 1856 619 1920 omnium
649 1875 727 1920 cura
755 1859 918 1937 quaesitus
940 1853 980 1922 'in
1012 1861 1116 1921 castra
1148 1856 1344 1937 perducitur.
1424 1863 1428 1871 “

147 1969 162 2020 5
183 1961 315 2043 Cogitur
338 1962 370 2024 in
393 1961 461 2026 eius
485 1961 672 2042 supplicium
696 1961 815 2027 Cacsar
838 1970 949 2028 contra
977 1971 1069 2027 suam
1096 1968 1242 2027 naturam
1271 1979 1345 2026 con-

183 2085 279 2132 cursu
302 2067 439 2130 manimo
462 2067 606 2145 militurn,
635 2068 688 2148 qui
722 2068 752 2131 ai
785 2068 889 2132 omnia
917 2067 1059 2149 pericula
1091 2072 1123 2131 at
1153 2055 1346 2156 detrimenta

181 2171 256 2238 belli
279 2176 410 2253 accepta
432 2170 622 2267 referebant,
647 2174 726 2237 adeo
743 2177 779 2237 ut
795 2173 978 2238 verberibus
994 2173 1206 2238 exanimatum
1232 2190 1344 2254 corpus

98 2284 102 2288 ’
175 2277 284 2342 securi
307 2276 465 2344 feriretur.
856 2275 858 2278 ’

149 2410 163 2457 1
289 2405 340 2466 39.
376 2401 424 2465 Ibi
447 2402 564 2466 crebris
586 2402 703 2466 litteris
727 2400 850 2469 Caninii
874 2402 910 2468 fit
933 2406 1061 2482 certior,
1085 2421 1167 2483 quae
1185 2402 1224 2467 de
1242 2403 1345 2484 Drap-

103 2550 107 2557 -
169 2510 254 2587 peta
277 2509 310 2568 et
332 2504 480 2570 Lucterio
503 2518 590 2587 gesta
613 2513 728 2585 essent,
754 2526 878 2589 quicque
900 2510 932 2573 in
957 2508 1087 2574 consilio
1108 2516 1342 2597 ,permanerent

146 2602 340 2693 noppidani.
387 2610 527 2687 Quorum
551 2613 611 2677 etsi
633 2614 825 2693 paucitatem
850 2596 1080 2695 contemnebat,
1104 2596 1212 2679 tamen
1242 2615 1344 2695 perti·
1412 2618 1414 2621 ’

118 2729 122 2735 ’
181 2716 306 2782 naciam
335 2734 451 2798 magna
474 2736 577 2801 poena
599 2736 670 2784 esse
685 2717 902 2808 adficiendam
930 2720 1101 2800 iudicabat,
1130 2738 1171 2784 ne
1195 2720 1345 2784 universa

164 2933 189 3015 2.
206 2966 363 3029 partemque
381 2962 477 3029 oppidi
488 2963 571 3015 sumit
583 2962 628 3035 ad·
639 2963 708 3015 obsi·
763 2964 838 3018 ihres
858 2964 1175 3045 Schuldbeuusstseins“‚
1195 2965 1229 3018 cf.
1249 2964 1281 3019 V.
1301 2969 1345 3020 56.

39 3076 45 3085 ·
130 3049 256 3114 ciendum,
277 3049 311 3104 cf.
331 3051 355 3103 b.
374 3067 397 3105 c.
416 3050 467 3105 HI.
480 3053 522 3104 80.
542 3054 559 3103 6
579 3050 709 3118 oppidum
764 3057 778 3104 1
804 3051 994 3121 Carnutesque
1018 3053 1187 3107 conscientia
1213 3054 1345 3107 facinoris

189 3180 195 3192 .
219 3137 255 3191 ad
279 3138 461 3205 diripiendum
486 3139 617 3193 militibus
643 3156 708 3193 con·
762 3142 899 3209 instigari.
928 3171 961 3181 -
990 3140 1174 3205 &structu-m,
1212 3140 1246 3195 cf.
1263 3155 1266 3160 ·
1283 3142 1345 3195 VII.

129 3226 227 3291 cessit,
247 3224 279 3278 E.
299 3224 325 3286 S.
345 3229 398 3279 310
417 3229 493 3279 dnm.
512 3230 536 3278 2,
557 3226 582 3279 S.
592 3227 635 3280 W.
646 3229 707 3281 326.
762 3232 787 3284 3.
808 3235 831 3283 1.
851 3271 854 3277 .

69 3339 74 3347 ·
123 3318 153 3368 ·3.
172 3330 195 3368 c.
214 3314 298 3367 Zus..
542 3354 544 3358 <
797 3321 821 3370 5.
841 3317 1345 3384 utoerheribusexaaimatuorcorpus

109 3436 126 3457 s
164 3402 211 3457 38.
250 3405 274 3457 1.
294 3399 336 3456 Μ.
356 3400 508 3453 Antonium
535 3407 708 3469 quaestorem,
762 3405 854 3458 securi
871 3406 1016 3469 secratur,
1042 3405 1093 3459 auf
1118 3404 1224 3473 gleiche
1249 3406 1345 3461 Weiss

130 3488 164 3544 cf.
184 3505 207 3543 c.
228 3491 270 3541 24.
289 3492 315 3541 2.
763 3494 855 3547 wurde
875 3497 957 3559 Acco,
980 3494 1029 3548 der
1053 3494 1203 3561 Hduptling
1226 3493 1275 3547 der
1298 3493 1346 3547 Se·
1454 3494 1458 3499 '

165 3582 190 3630 2.
210 3575 299 3648 Ipse,
317 3575 429 3631 ander
447 3576 540 3644 Spitzc
567 3594 617 3631 von
643 3579 708 3631 zwei
764 3582 864 3648 nonen,
882 3583 1081 3649 hingericbtet,
1110 3581 1144 3636 cf.
1174 3581 1219 3634 VI.
1250 3586 1293 3635 44.
1320 3586 1345 3636 2.

129 3664 278 3731 Legionem.
298 3694 332 3703 —
350 3665 471 3733 reliquos
489 3665 626 3732 mutares,
650 3666 709 3721 scil.
764 3670 816 3723 Die
835 3670 921 3724 Hartc
940 3670 989 3724 der
1008 3670 1155 3739 Malsregel
1181 3686 1268 3737 gagen
1289 3670 1345 3740 (ὶιι-Ι
1421 3680 1423 3685 ·

104 3814 107 3818 ,
130 3751 294 3819 diejenigen,
314 3752 403 3806 durch
416 3753 500 3806 deren
513 3754 612 3809 Geblet
624 3769 654 3807 er
666 3755 710 3808 bei
764 3763 876 3813 truatus
887 3758 1081 3812 suchtHirtlus
1090 3758 1133 3811 uls
1145 3757 1231 3811 durch
1241 3758 1346 3825 Zwang

129 3842 232 3893 scinem
255 3840 384 3894 Marsohe
410 3842 482 3895 nach
507 3841 709 3897 Uxellodunum
763 3845 975 3912 herbeigeflihrt
994 3862 1028 3899 zu
1047 3843 1243 3913 beschbnigen.

102 3982 107 3988 ,
129 3928 318 3982 marschieren
337 3929 445 3983 musste.
800 3933 847 3992 33.
885 3939 908 3987 1.
929 3933 962 3986 de
979 3932 1130 4001 *Drappete
1154 3938 1180 3986 et
1205 3932 1346 4001 Lucterio,
1390 3956 1395 3964 ·

166 4018 191 4069 3.
210 4017 350 4082 superiore
368 4006 572 4084 commentaria,
596 4019 631 4073 ct.
650 4018 711 4073 VII.
766 4020 799 4075 cl.
819 4021 879 4073 VII.
899 4024 924 4074 9.
946 4027 960 4074 1
980 4020 1048 4075 haec
1068 4021 1101 4075 de
1119 4020 1347 4091 Vercingetorlge

131 4107 155 4156 3.
180 4110 203 4156 1.
235 4128 274 4141 -’
293 4103 404 4156 initium
430 4105 491 4157 belli
525 4121 582 4158 esse
613 4102 711 4172 ortum,
765 4124 816 4161 usu
836 4116 957 4162 ventura.
978 4138 1012 4147 —
1031 4108 1180 4176 oppidani,
1206 4108 1250 4163 die
1274 4113 1347 4165 2000

130 4207 165 4243 zu
185 4190 285 4244 diesem
298 4191 478 4263 Pleonasmus
496 4192 530 4246 cf.
548 4193 622 4248 vm.
642 4198 667 4247 6.
688 4200 711 4247 l.
767 4196 883 4263 Gallicr,
901 4197 1004 4251 welche
1022 4198 1049 4249 in
1071 4196 1271 4251 Uxellodunum
1300 4215 1346 4251 nu-

131 4304 165 4312 -
181 4281 298 4343 propter
317 4278 495 4331 concientiam
512 4281 582 4344 sceti
602 4297 711 4348 „wegen
766 4285 963 4351 ruckgelassan
983 4301 1083 4354 waren,
1102 4285 1136 4339 cf.
1156 4302 1179 4339 c.
1199 4290 1241 4340 34.
1261 4291 1286 4341 2.
