2934 4750
154 233 195 293 72
607 245 669 299 .De
686 238 759 299 bello
778 244 892 300 Gallico.
921 307 923 311 ,

171 385 404 451 2f0rtunnrum
428 375 662 452 consultabant.
708 389 754 450 Aa
777 388 872 450 variis
903 387 997 452 dictis
1028 387 1202 464 sententiis,
1234 384 1370 469 quarum

14 529 19 536 ·
99 536 103 545 .
207 510 281 574 pars
300 492 507 569 deditionem,
531 509 614 573 pars,
639 492 714 555 dum
738 493 821 556 vires
845 488 1059 573 suppeterent,
1083 493 1282 573 eruptionem
1300 510 1371 557 cen-

207 598 307 677 sebat,
331 615 394 663 non
416 597 648 678 praetereunda
672 597 786 661 oratio
800 595 978 678 Critognati
1001 597 1127 662 videtur
1149 602 1282 679 propter
1303 598 1370 662 eius

172 717 194 768 s·
208 703 401 784 singularem
425 707 457 766 et
480 700 633 767 nefariam
656 702 888 769 crudelitatem.
934 703 995 768 Hic
1018 721 1139 768 summo
1161 704 1194 767 in
1219 703 1369 768 Arvernis

207 814 295 873 ortus
323 807 391 874 loco
423 812 456 873 et
489 827 623 889 magnae
657 807 785 873 habitus
815 809 1025 887 auctoritatis,
1057 809 1158 896 Nihil,
1191 809 1304 890 inquit,
1332 809 1370 872 ele

207 933 314 978 eorum
347 916 506 980 sententia
537 914 683 978 dicturus
717 932 801 992 sum,
837 915 893 996 qui
925 915 1147 994 turpissimam
1185 901 1397 979 seruitutem·

207 1018 380 1084 deditionis
401 1021 528 1084 nomine
551 1019 726 1100 appellant,
750 1031 850 1102 nepem
870 1018 935 1084 -lios
967 1020 1127 1085 leniendos
1157 1020 1275 1096 ciuium
1305 1019 1369 1084 loca

171 1138 189 1188 4
206 1144 307 1206 neque
330 1124 374 1188 aa
396 1124 564 1189 concilium
586 1125 783 1190 adhibendos
806 1143 923 1191 censeo.
972 1125 1049 1190 Cum
1065 1125 1118 1190 nis
1132 1125 1213 1189 mili
1228 1145 1282 1190 res
1297 1126 1368 1202 erit,

207 1229 263 1311 qui
286 1211 483 1309 eruptionem
499 1212 664 1311 prolant;
688 1251 822 1310 quornm
845 1232 882 1294 in
905 1231 1038 1296 consilio
1062 1231 1203 1294 omnium
1230 1237 1371 1296 uestrum
1401 1237 1404 1244 ‘

173 1328 363 1400 aconsensu
380 1337 546 1415 pristinae
567 1336 706 1401 residere
733 1337 864 1402 uirtutis
893 1337 1045 1402 memoria
1073 1335 1208 1404 uidetur..
1255 1335 1372 1400 Animi

208 1445 255 1504 est
277 1442 342 1505 ista
357 1440 583 1520 mollitia,·non
598 1443 710 1519 uirtus,
724 1442 899 1522 paulisper
918 1443 1064 1523 inopiam
1084 1443 1173 1523 terre
1187 1462 1251 1506 non
1264 1459 1370 1522 posse.

119 1576 124 1583 ·
209 1545 272 1626 Qui
298 1567 332 1611 se
362 1547 449 1611 ultro
481 1548 576 1612 morti
606 1548 751 1627 offerant,
779 1549 913 1628 facilins
942 1549 1160 1628 reperiuntur,
1191 1567 1286 1630 quam
1315 1549 1372 1629 qui

173 1664 189 1715 6
208 1652 348 1717 dolorem
358 1655 524 1734 patienter
537 1655 655 1735 ferant.
701 1642 878 1736 Atque'epo
893 1655 976 1719 lanc
990 1655 1182 1720 sententiam
1197 1653 1372 1734 probarem

209 1793 250 1804 —
273 1758 510 1837 tantum-apud
531 1779 580 1823 me
602 1759 748 1842 elipnitas
763 1765 870 1840 potest
887 1797 937 1838 -,
960 1761 990 1824 si
1005 1759 1131 1824 nnllam
1140 1764 1372 1840 praeterquam

174 1877 189 1927 7
208 1863 293 1928 uitae
316 1869 443 1929 nostrae
465 1865 627 1929 iacturam
646 1866 721 1946 fieri
742 1866 897 1944 uiderem
920 1866 976 1931 sed
997 1865 1033 1929 in
1056 1864 1190 1930 cmsilio
1214 1863 1371 1943 capiendo

209 1989 331 2033 omnem
356 1969 742 2063 Galliamrespieiamus,
767 1992 862 2053 quana
885 1971 929 2036 ael
950 1975 1095 2036 nostrum
1118 1969 1278 2034 auxilium
1299 1989 1373 2034 con·

172 2075 385 2143 caraunus.
433 2076 519 2157 Quid
541 2077 703 2142 lominum
730 2077 861 2142 milibus
889 2095 973 2143 nxxx
1004 2097 1067 2142 uuo
1094 2075 1161 2140 loco
1193 2075 1372 2156 interfectis

202 2181 399 2263 propinquis
422 2184 731 2264 consanpuineisque
752 2183 876 2248 nostris
898 2182 1002 2247 animi
1020 2183 1092 2274 fore
1115 2181 1319 2259 existimatis,
1342 2181 1372 2244 si

174 2297 310 2364 spaene
332 2288 369 2350 in
391 2287 474 2367 ipsis
497 2277 852 2367 emauenbus'proeuo
876 2288 1036 2354 decertare
1060 2286 1241 2368 caperetur?
1263 2285 1371 2352 Nolite

191 2464 220 2515 2.
236 2461 388 2524 sententiis,
406 2478 524 2529 quarum
544 2478 615 2529 pars
641 2463 737 2516 dediti·
827 2462 1011 2532 5.ista„‹liese
1022 2461 1105 2529 nun“,
1115 2462 1150 2515 cf.
1159 2462 1191 2515 Ε.
1200 2460 1284 2516 8.201
1296 2462 1371 2517 S.W.

156 2563 240 2614 mmm,
254 2542 325 2614 para
344 2590 350 2602 .
370 2590 376 2603 .
397 2590 403 2602 .
422 2550 589 2615 eruptionem
602 2551 735 2605 censebat.
790 2554 848 2605 248.
868 2555 890 2604 2.
905 2582 938 2591 -
953 2550 1007 2620 Qui
1025 2566 1054 2604 se
1072 2549 1145 2603 ultro
1161 2550 1242 2603 morti
1254 2549 1372 2617 effuant

156 2638 219 2691 Wie
249 2636 294 2691 lex
323 2636 380 2692 und
415 2638 544 2691 thniiche
575 2640 737 2695 Auadrticke
790 2647 842 2695 etc.
873 2640 914 2693 Zu
928 2639 988 2693 dem
1002 2639 1161 2705 Gadanken,
1180 2638 1300 2693 welches
1313 2638 1372 2692 sich

155 2724 241 2780 findet
259 2724 318 2779 sich
342 2726 479 2780 sententia
503 2726 589 2780 astera
611 2729 736 2795 parsoni·
789 2726 1371 2796 haufigerbaidenromischenGeachichts·

156 2814 253 2881 liniam,
272 2814 307 2868 cf.
326 2813 352 2868 b.
371 2831 395 2869 c.
414 2815 451 2869 Il.
470 2819 512 2870 30.
534 2821 546 2869 l
567 2816 655 2871 Erant
673 2832 735 2871 sen·
789 2818 946 2872 schreibern
957 2816 1053 2881 findet,
1064 2815 1097 2869 ci.
1111 2815 1188 2873 Ourt.
1198 2814 1231 2869 V.
1241 2815 1371 2869 soror-

156 2904 270 2968 tentiae,
284 2918 375 2970 quae.
394 2945 401 2958 .
420 2946 426 2958 .
446 2911 603 2966 censereut3
616 2905 660 2959 bai
674 2921 735 2960 cen·
789 2907 856 2959 tium
866 2907 984 2959 virorum
998 2910 1042 2958 eat
1052 2904 1138 2971 mama
1152 2910 1270 2957 mortem
1280 2909 1372 2957 conte·

156 2991 265 3044 sercin
290 2991 339 3044 der
358 2991 521 3059 Bedeutnng
547 2993 736 3048 vonsuadere
790 2990 1371 3060 mnerequamodissevitam.Saepetaedio

156 3078 232 3133 steht
249 3078 390 3132 bisweilen
409 3079 458 3133 der
466 3066 559 3135 'blasae
573 3083 680 3147 Accua,
699 3082 734 3135 ct.
789 3081 895 3135 laboris
907 3080 942 3135 ad
956 3079 1089 3135 vilitatem
1109 3079 1152 3133 sui
1169 3078 1372 3146 compelluntur

63 3179 65 3182 ·
156 3166 223 3231 Sall.
254 3167 318 3221 hist.
346 3166 441 3234 fragm.
469 3168 520 3226 Ill.
547 3172 591 3223 82.
621 3174 652 3223 17
681 3186 735 3223 non
789 3170 887 3236 ignavi.
928 3170 965 3221 At
989 3168 1056 3221 nihil
1085 3168 1171 3221 virtus
1199 3166 1373 3237 inexpertum

155 3270 232 3309 arma
250 3272 337 3322 neque
351 3257 532 3311 secessionem
547 3298 553 3311 .
568 3304 574 3315 ,
588 3298 594 3311 .
607 3257 735 3311 censebo.
788 3257 900 3313 omittit.
914 3247 1010 3324 Itaque
1023 3256 1148 3310 ultimum
1161 3254 1284 3308 omnium
1297 3269 1372 3308 mors

157 3374 191 3385 -
210 3343 302 3397 oratio
323 3342 483 3412 (litopnati.
520 3346 559 3399 Es
574 3346 610 3399 ist
619 3346 736 3413 einiger·
789 3354 842 3414 est,
861 3346 992 3413 adquam
1010 3360 1064 3398 non
1078 3344 1156 3411 pigre
1175 3343 1217 3397 ire
1236 3342 1305 3395 satis
1323 3350 1374 3395 est.

155 3431 262 3488 maison
280 3431 440 3497 anffallend,
459 3431 519 3486 dass
533 3432 560 3489 O.
582 3433 634 3488 den
646 3433 736 3487 luhalt
801 3462 804 3468 ·
825 3438 850 3491 6.
869 3426 966 3500 Atque
985 3433 1056 3501 ,und
1082 3432 1164 3497 doch,
1192 3428 1372 3497 gleichsam

157 3521 247 3575 dieser
265 3520 357 3587 Reda,
385 3520 488 3575 welche
514 3515 544 3575 er
570 3538 623 3575 nur
649 3522 735 3575 durch
790 3523 867 3576 leitet
890 3528 974 3575 etwas
1000 3506 1240 3575 llberraschendea
1266 3518 1319 3572 ein.
1339 3546 1373 3555 -

156 3610 366 3677 Ausgewiesene
388 3609 433 3678 (ci.
453 3627 476 3665 c.
496 3612 539 3664 78.
558 3611 586 3679 4)
605 3609 735 3665 erfahren
790 3603 1374 3678 dipnitas,diepersonlichaWurdederer,

156 3690 247 3751 haben
258 3698 342 3763 kann,
354 3713 442 3765 gegen
460 3700 535 3753 scine
548 3699 671 3767 sanstige
685 3697 735 3751 Ga·
789 3698 891 3753 welche
911 3697 954 3751 die
974 3697 1106 3763 Meinung
1123 3699 1272 3749 vertreten.

155 3786 294 3841 wohnheit
318 3786 347 3839 in
371 3785 493 3840 direkter
517 3786 601 3841 Form
627 3786 681 3840 und
706 3786 736 3839 in
825 3790 850 3839 9.
869 3784 978 3839 Nolite.
990 3826 1013 3839 ..
1025 3783 1187 3851 caspaliare,
1207 3824 1213 3836 .
1228 3822 1234 3835 .
1249 3820 1256 3835 .
1269 3795 1335 3834 nec.
1349 3820 1373 3837 ..

154 3874 247 3929 dieser
266 3873 504 3928 Ausithrlichkeit
521 3874 705 3942 wiedergiebt.
789 3874 923 3939 subicere,
947 3872 991 3926 die
1010 3872 1147 3940 Negation
1172 3885 1224 3924 nec
1248 3867 1376 3923 schliefat

192 3965 217 4017 3.
235 3978 349 4029 mapnue
367 3961 476 4015 habitus
494 3962 680 4026 auctoritatis,
699 3962 734 4016 ci.
789 3960 850 4015 sich
863 3959 950 4015 attera
962 3975 998 4013 au
1018 3959 1143 4027 negative
1157 3957 1249 4011 Verba
1261 3972 1297 4010 an
1317 3956 1376 4010 und

153 4051 190 4105 V.
209 4053 234 4104 6.
256 4052 268 4101 l
287 4038 361 4117 qnod
384 4090 391 4103 .
411 4090 417 4103 .
437 4090 443 4103 .
468 4049 595 4118 cupidum
618 4051 735 4119 imperii,
789 4048 898 4103 vertritt
917 4048 965 4114 sie,
985 4047 1019 4101 cf.
1038 4046 1094 4101 Cic.
1113 4046 1148 4100 ad
1166 4044 1229 4099 sam.
1248 4044 1310 4097 XII.
1330 4047 1375 4098 30.

156 4138 249 4205 magni
267 4138 357 4204 animi,
375 4152 489 4204 magnae
503 4178 509 4190 .
523 4178 530 4192 .
544 4178 550 4193 .
564 4138 735 4193 auctoritatis
789 4140 806 4190 4
825 4136 882 4190 nuli
899 4135 1042 4203 impudens
1061 4149 1122 4189 esse
1135 4148 1186 4187 uec
1210 4132 1277 4185 mihi
1289 4130 1376 4185 mole·

158 4231 332 4291 cognoverat.
371 4252 401 4262 -
439 4224 477 4276 aa
506 4226 663 4289 caputium,
700 4242 736 4279 au
790 4225 870 4279 stiam
884 4224 1013 4278 exhibere
1027 4221 1081 4277 Cic.
1098 4220 1174 4276 acad.
1186 4219 1221 4273 ΙΙ.
1231 4222 1266 4273 47
1278 4219 1376 4274 lucere

154 4311 234 4365 einer
252 4311 393 4377 Beratung
410 4310 538 4366 inbetreff
554 4313 601 4368 dea
610 4314 736 4381 Krieges.
790 4312 888 4380 nescis,
902 4326 952 4365 nec
966 4318 998 4365 tu
1011 4352 1016 4365 .
1028 4352 1034 4365 .
1046 4311 1150 4365 .intua
1161 4308 1287 4362 villanos
1301 4322 1377 4365 esse.
