2934 4750
543 238 644 292 eornm.
666 236 725 292 tn.
745 241 860 297 22-24.
1173 214 1175 222 ’
1266 230 1306 290 25

90 381 171 446 illud
198 380 402 446 intervallum
436 386 589 459 servetur,
620 398 722 460 oeque
750 381 833 444 inter
863 399 898 445 se
921 383 1106 461 contingant
1135 381 1253 482 trabes,

92 486 150 552 sed
171 486 302 568 paribus
325 487 526 550 intermissae
542 486 653 565 spatiis
669 485 815 566 singulae
830 479 962 567 singulis¹
979 487 1062 551 saxis
1079 487 1259 552 interiectis.

90 597 163 656 arte
193 581 422 657 contineantur.
473 589 525 654 Sic
554 590 702 672 deinceps
719 608 823 667 ,omue
851 609 931 671 opus
964 592 1149 670 contexitur,
1180 591 1289 656 dume

57 702 59 704 ’
91 696 180 761 iusta
201 696 283 761 muri
306 696 442 761 altitudo
458 695 630 776 expleatur.
675 695 745 759 Hoc
761 714 831 760 cum
849 697 881 760 in
902 699 1039 777 speeiem
1056 698 1255 762 varietatem·
1275 714 1290 763 5
1310 708 1314 714 '

90 819 156 883 que
180 820 258 883 opus
283 800 423 866 deforme
439 819 501 865 non
517 808 567 866 est
583 800 723 865 alternis'
731 801 876 866 trabibus
892 820 929 866 ac
945 804 1038 880 saxis,
1062 820 1144 883 quae
1160 803 1255 866 rectis

90 907 185 972 lineis
208 925 282 972 suos
306 905 438 980 ordines¹
456 914 593 985 servant,
619 899 687 970 tu'm
714 907 756 971 ad
785 906 956 972 utilitatem
985 913 1017 972 et
1039 891 1254 972 'defensionem

92 1012 221 1077 urbium
231 1029 387 1077 summam
400 1012 497 1076 habet
509 1011 788 1093 opportunitatem,
811 1012 896 1092 quod
909 1019 941 1076 et
957 1011 996 1077 ab
1011 1012 1157 1077 incendio
1172 1011 1253 1093 lapis
1366 1074 1370 1081 .

93 1124 128 1181 et
151 1117 192 1181 ab
215 1117 315 1182 ariete
339 1117 473 1182 materia
496 1117 646 1196 defendit,
670 1135 757 1198 quae
775 1117 936 1198 perpetuis
966 1117 1111 1184 trabibus
1139 1117 1253 1198 pedum
1297 1169 1304 1182 .

91 1222 337 1310 quadragenum·
367 1223 551 1303 plerumque
585 1223 742 1288 introrsus
777 1223 920 1288 revincta
956 1241 1056 1304 neque
1087 1223 1255 1305 perrumpi

49 1353 53 1360 ·
92 1345 195 1408 neque
219 1327 492 1409 distrahipotest.
563 1392 567 1398 ,
766 1401 769 1405 ,

76 1437 84 1452 '
201 1437 252 1496 24.
299 1433 356 1497 llis
380 1439 429 1498 tot
457 1435 552 1499 rebus
583 1433 736 1512 impedita
763 1423 999 1514 oppugnatione
1028 1433 1153 1512 milites,
1184 1451 1289 1498 cumi

91 1543 162 1603 toto
185 1543 326 1618 tempore
353 1537 471 1619 frigore
497 1544 530 1602 et
560 1537 702 1602 adsiduis
729 1537 882 1602 imbribus
910 1539 1122 1619 tardarentur,
1151 1531 1255 1602 tannen

76 1645 265 1713 ,continenti
288 1643 398 1708 labore
420 1644 526 1708 ornnia
547 1643 625 1708 baec
647 1648 879 1724 superaverunt
902 1651 934 1708 et
969 1644 1080 1708 diebus
1111 1661 1173 1707 xxv
1201 1661 1256 1724 ag·
1330 1651 1333 1656 “
1369 1628 1394 1666 ”

92 1768 202 1830 geram
235 1750 337 1815 latum
366 1750 464 1830 pedes
492 1767 618 1829 cccxxx,
653 1749 754 1813 altum
783 1748 879 1830 pedes
913 1767 996 1814 rrxxx
1025 1754 1255 1834 exstruxerunt.

93 1851 175 1919 Cum
200 1855 227 1918 is
251 1873 374 1919 murum
398 1854 535 1919 hostium
559 1871 659 1935 paene
682 1855 889 1936 contingeret,
914 1859 946 1918 et
970 1853 1090 1919 Caesar
1112 1853 1152 1918 ad
1176 1869 1291 1932 opusc

92 1959 324 2024 cousuetudine
346 1960 517 2025 excubaret
546 1958 728 2040 militesque
751 1957 942 2036 hortaretur,
966 1977 1005 2022 ue
1021 1958 1105 2039 quod
1128 1959 1255 2022 omuino

91 2073 220 2146 tempus
243 2064 284 2129 ab
307 2083 404 2147 opere
427 2065 703 2143 intermitteretur,
732 2063 828 2146 paulo
855 2069 930 2134 note
960 2064 1088 2128 tertiam
1116 2062 1253 2144 vigiliam

97 2174 148 2234 est
171 2170 424 2234 animadversum
448 2169 569 2234 fumare
592 2187 751 2252 aggerem,
774 2179 866 2250 quem
890 2169 1034 2234 cuniculo
1057 2168 1164 2234 hostes
1187 2185 1256 2234 suc-

92 2274 276 2365 cenderant,
301 2275 474 2357 eodemque
497 2256 730 2356 tempore'toto
753 2277 842 2338 muro
865 2275 1004 2339 elamore
1028 2268 1155 2339 sublato
1177 2273 1255 2338 dua·
1275 2288 1300 2338 3-
1393 2323 1397 2331 ,

97 2465 166 2534 Dep.
198 2466 251 2520 Lot
282 2466 466 2535 autgetunden
497 2467 573 2529 sind;
604 2468 675 2522 nach
727 2466 920 2522 ist-entueder
938 2465 1028 2520 falech
1047 2466 1218 2530 uberlielert,
1245 2467 1310 2519 oder
1357 2482 1361 2489 ·
1415 2450 1417 2453 ¹

28 2582 32 2587 ·
92 2555 187 2610 mesen
204 2555 304 2627 rubteu
317 2553 455 2608 zwischen
468 2554 520 2609 den
533 2555 675 2609 einzelnen
730 2555 759 2609 C.
780 2555 827 2607 hat
847 2554 967 2609 dieselbe
991 2570 1026 2607 zu
1044 2554 1116 2608 hoeb
1136 2554 1308 2621 angegaben;

99 2643 203 2697 Ballren
222 2643 319 2696 immor
337 2642 394 2696 drei
415 2642 516 2696 Steine.
728 2657 785 2697 was
804 2641 847 2696 die
860 2641 1034 2710 angegabena
1047 2641 1138 2696 Brelte
1152 2640 1265 2706 betrifft,
1279 2656 1310 2694 so

128 2734 154 2784 4.
174 2731 338 2796 contenitur,
356 2746 386 2784 es
403 2731 543 2784 herrselrte
568 2730 595 2782 in
615 2728 676 2783 dem
729 2736 840 2785 mltssen
851 2731 900 2784 wir
911 2719 1074 2796 annehmeu,
1092 2729 1152 2783 dala
1162 2728 1211 2782 der
1224 2743 1309 2796 agger

92 2819 154 2873 Bau
188 2819 249 2881 eine
276 2817 531 2885 (lleiehmalsiglreit
562 2819 612 2871 wie
647 2818 675 2870 in
728 2834 780 2872 aus
798 2819 863 2872 awai
879 2816 1170 2886 parallelenlla'ammen
1184 2814 1310 2882 bertand,

41 2920 46 2928 ’
93 2908 184 2961 einem
222 2905 346 2963 Genebe.
378 2934 407 2944 -—
438 2905 529 2971 insta,
567 2904 675 2972 ricbtig,
729 2905 773 2959 die
792 2904 877 2958 durch
896 2905 976 2959 einen
995 2903 1172 2970 Quendamm,
1192 2904 1242 2957 der
1261 2902 1310 2956 der

42 3020 45 3024 f
91 2993 223 3062 geborig,
247 2994 281 3047 ct.
301 2993 376 3047 VllI.
396 2996 438 3052 39.
463 2994 578 3047 timetis
597 2992 676 3046 itine·
728 2992 894 3047 feindlicheu
913 2992 1011 3045 blauer
1030 2990 1146 3059 parallel
1165 2989 1224 3055 liei,
1246 3005 1307 3043 ver-

92 3082 182 3135 ribua.
721 3079 840 3134 bunden
879 3094 982 3140 waren3
1034 3080 1084 3131 aut'
1119 3076 1171 3132 den
1209 3078 1306 3131 beiden

129 3173 154 3223 5.
181 3170 213 3223 iri
238 3168 350 3235 menen
376 3169 588 3235 varietatemque
616 3168 675 3233 „in·
730 3168 949 3223 Seitendltmmen‘
963 3165 1310 3220 mordendieTlirmavor·

92 3257 196 3312 betreff
216 3257 264 3311 des
292 3257 404 3311 tnlsern
433 3256 594 3310 Aussebeus
622 3255 676 3308 und
729 3256 902 3324 gescboben,
925 3254 1053 3308 utbrend
1078 3253 1127 3308 der
1146 3253 1310 3320 Querdamm

45 3369 58 3405 χ
92 3346 143 3398 der
174 3334 455 3413 Mannigtaltiglreit“.
492 3372 527 3383 -
564 3342 677 3396 alternis
730 3346 780 3399 mit
799 3345 876 3397 einer
894 3343 982 3397 Reibe
1000 3343 1095 3398 tineae
1113 3341 1223 3397 besetzt
1247 3358 1311 3399 war.

92 3432 222 3499 trabibus
233 3446 266 3485 oe
278 3434 366 3497 soma,
383 3432 436 3486 abl.
449 3430 545 3497 absol,
559 3431 677 3485 welcher
766 3438 791 3486 2.
811 3430 1014 3496 consuetudine,
1034 3431 1068 3485 ci.
1082 3446 1105 3484 c.
1120 3432 1162 3484 75.
1176 3433 1194 3482 4
1213 3446 1309 3484 eorum

92 3520 144 3574 das
162 3518 382 3587 voraufgebende
406 3519 571 3587 inspeciem
590 3519 675 3572 varie·
730 3519 940 3585 consuetudine,
959 3520 1003 3573 ein
1022 3504 1144 3572 modaler
1164 3518 1312 3572 Ausdruolr

91 3614 232 3674 totamque
250 3606 363 3661 erklbrt.
383 3636 417 3646 —
442 3607 676 3674 opportunitatem
729 3608 813 3674 wie§
838 3612 854 3661 5
878 3607 1001 3661 instituto
1021 3606 1161 3667 (laeserim
1189 3605 1311 3683 dagegen

91 3694 247 3762 „Vorteil“.
273 3696 442 3749 —moterio
469 3693 601 3761 defendit,
632 3693 676 3747 die
731 3696 779 3749 lv.
804 3700 845 3750 32.
876 3700 888 3749 1
918 3711 953 3749 ex
982 3694 1187 3749 cousuetudine.
1219 3721 1250 3732 -
1277 3693 1311 3745 ob

91 3783 201 3838 Bullian
220 3784 343 3838 konuten
361 3785 437 3837 nicht
449 3782 675 3850 herousgoriman
732 3796 813 3849 opere
832 3772 1065 3848 intermitteretur,
1085 3783 1184 3859 eberiso
1202 3781 1230 3835 b.
1249 3797 1273 3833 c.
1290 3781 1310 3833 Ι.
1385 3774 1389 3781 ’
1415 3798 1417 3803 ’

90 3870 217 3937 werden,
246 3871 281 3925 da
309 3872 349 3926 aie
373 3872 459 3926 durch
483 3872 587 3939 vierzig
607 3870 674 3923 Fusa
728 3867 1311 3937 321alaboreintermitteretur3dagegen

90 3961 175 4034 langa
191 3958 360 4026 Qnerhblzer
378 3960 448 4014 nach
466 3961 550 4013 ionen
565 3974 598 4012 zu
616 3974 675 4012 var·
730 3958 762 4011 V.
783 3964 824 4012 11.
838 3960 860 4011 ’6
879 3956 914 4011 ad
933 3956 1055 4011 laborem
1076 3956 1312 4019 ...intermissis

90 4047 193 4101 unkert
212 4062 311 4102 waren.
729 4046 830 4099 abenso
841 4045 873 4099 V.
887 4047 930 4099 40.
944 4047 968 4098 b.
983 4037 1016 4083 ὲ
1026 4044 1187 4112 partionem
1199 4043 1309 4097 tertium

128 4133 172 4189 24.
229 4138 253 4188 1.
299 4150 424 4203 aggerem
467 4134 554 4188 lotam
592 4132 676 4201 peden
728 4133 863 4200 elpidium,
882 4132 952 4185 kurz
970 4147 1020 4186 vor
1039 4132 1228 4186 Mitternacht.

93 4220 267 4287 OGOXXX,
286 4222 371 4276 altum
391 4221 476 4290 pedm
494 4220 612 4274 LXXX
625 4234 673 4273 ἐπ·
767 4224 790 4274 3.
811 4221 845 4273 ab
873 4225 989 4288 utroque
1015 4219 1099 4288 lettere
1117 4220 1251 4283 turrium,
1280 4234 1313 4271 nu

91 4315 266 4363 struxerunt.
303 4308 355 4364 Die
374 4310 454 4363 Hobe
481 4310 529 4363 des
548 4310 676 4378 Dammae
730 4307 834 4373 beiden,
847 4306 941 4377 Seiten
962 4308 1010 4361 der
1030 4313 1097 4364 rom.
1118 4307 1228 4361 Tdrme.
