2934 4750
204 201 245 260 86
677 210 718 264 De
737 211 808 264 bello
828 210 944 264 Gallico.

256 356 353 420 etiam
375 353 525 436 amplius,
557 354 642 434 quod
670 371 773 435 paene
794 354 835 419 ab
856 353 925 435 ipso
947 351 1032 417 vallo
1054 353 1216 434 portisque
1239 359 1423 419 castrorum

222 460 410 526 sbarbaros
443 461 621 526 avertisset.
673 458 816 537 Quarum
847 460 985 524 omnium
1013 478 1120 524 rerum
1149 461 1288 525 maxime
1324 460 1424 524 admi·

256 569 391 632 rendum
425 566 608 644 ridebatur,
643 565 728 645 quod
760 565 928 643 Germani,
958 565 1014 646 qui
1044 584 1082 630 co
1112 565 1241 632 consilio
1269 565 1426 630 Rhenum

255 673 461 752 transierant,
483 676 520 735 ut
543 671 733 751 Ambiorigis
755 669 833 736 fines
857 671 1136 753 depopularentur,
1160 671 1202 736 cd
1225 675 1345 736 cestra
1369 673 1426 737 Ro·

255 797 420 844 manorum
444 777 541 843 delati
564 777 797 859 optatissimum
814 777 989 859 Ambiorigi
1010 776 1197 842 beneficium
1220 777 1426 846 obtulerunt.

222 902 235 949 1
345 890 397 952 43.
444 883 561 949 Caesar
590 901 701 948 rursus
728 883 770 947 ad
797 883 953 948 vexandos
980 883 1088 949 hostes
1116 882 1280 965 proiectus
1308 903 1426 965 magno
1461 871 1462 910 *

256 996 366 1058 coacto
390 991 531 1072 equitum
554 1007 685 1054 numero
708 1008 746 1053 ex
768 989 906 1054 finitimis
924 990 1105 1054 civitatibus
1128 991 1160 1053 in
1177 1008 1290 1054 omnes
1317 996 1426 1072 partes

220 1113 237 1162 2
257 1097 396 1164 dimittit.
443 1096 561 1162 Omnes
583 1097 644 1162 uici
667 1101 763 1178 atque
787 1097 893 1160 onmia
912 1094 1066 1177 aedificia,
1090 1115 1172 1178 quae
1186 1097 1330 1178 quisque
1357 1117 1426 1162 con-

256 1206 418 1284 spexerat,
447 1203 716 1281 incendebantur,
744 1203 864 1284 praeda
896 1221 933 1268 err
962 1203 1108 1268 omnibus
1135 1202 1214 1267 iocis
1244 1205 1426 1284 sigebotum

221 1309 414 1375 strumenta
442 1327 505 1374 non
533 1308 634 1374 solum
663 1328 684 1373 a
713 1313 805 1373 tonte
837 1309 1040 1374 multitudine
1076 1309 1290 1373 iumentorum
1331 1315 1425 1392 atquc

257 1415 417 1481 hominum
429 1416 703 1494 consumebantur,
720 1415 777 1480 sed
793 1414 887 1479 etiam
905 1416 979 1480 anni
994 1420 1138 1497 tempore
1154 1421 1251 1496 atque
1263 1416 1423 1480 imbribus

257 1522 504 1604 procubuerant,
533 1526 585 1602 ut,
614 1522 641 1587 si
669 1522 722 1602 qni
751 1521 849 1586 etiam
871 1523 904 1587 in
927 1522 1111 1603 praesentia
1133 1539 1168 1586 se
1192 1521 1423 1600 occultassent,

257 1634 364 1692 tamen
392 1628 439 1692 his
469 1627 605 1693 deducto
635 1628 775 1693 exercitu
798 1647 903 1693 rerum
927 1629 1067 1693 omnium
1091 1628 1197 1709 inopia
1220 1629 1422 1708 pereundum

221 1745 238 1796 4
257 1735 427 1801 videretur.
473 1734 519 1799 Ac
541 1752 637 1815 saepe
659 1734 692 1797 in
715 1752 787 1798 eum
804 1734 907 1799 locum
929 1738 1057 1799 ventum
1080 1740 1129 1799 est
1145 1738 1235 1798 tanto
1260 1734 1296 1798 in
1324 1735 1421 1799 omnis

256 1841 357 1923 partis
381 1839 510 1906 dimisso
534 1841 691 1922 equitatu,
722 1845 759 1903 ut
782 1840 875 1905 modo
898 1841 999 1904 visum
1022 1843 1062 1905 ab
1091 1859 1125 1904 se
1148 1839 1372 1922 Ambiorigem
1394 1841 1418 1902 in

256 1944 332 2027 fuga
359 1947 638 2028 circumspicerent
668 1947 783 2027 captivi
811 1965 869 2010 nec
899 1946 992 2028 plane
1022 1947 1117 2011 etiarn
1146 1946 1251 2011 abisse
1287 1965 1329 2010 ex
1355 1965 1417 2012 con·
1461 1953 1462 1988 i

222 2057 367 2134 ospectu
391 2053 632 2131 contenderent,
662 2057 699 2116 ut
728 2069 785 2135 spe
809 2053 1020 2133 consequendi
1049 2052 1150 2117 inlata
1172 2057 1273 2132 atque
1299 2051 1413 2118 infinito

256 2158 366 2224 labore
388 2165 552 2240 suscepto,
582 2159 637 2240 qui
666 2175 701 2223 se
723 2176 878 2223 summam
908 2177 928 2222 a
955 2156 1092 2224 Caesare
1119 2159 1259 2240 gratiam
1285 2160 1407 2224 inituros

158 2251 171 2275 ’
256 2270 421 2346 putarent,
451 2283 551 2347 paene
574 2271 722 2330 naturam
746 2265 850 2330 studio
874 2265 1050 2343 vincerent,
1077 2282 1266 2345 semperque
1292 2265 1397 2347 paulun
1461 2261 1462 2266 ’

222 2371 296 2436 cad
320 2390 474 2436 summam
497 2369 681 2436 felicitatem
705 2369 843 2437 defuisse
872 2370 1047 2453 videretur,
1077 2376 1173 2451 atque
1200 2369 1254 2435 ille
1289 2370 1403 2437 latebris

255 2483 311 2542 aut
334 2476 469 2542 saltibus
492 2495 527 2543 se
550 2479 687 2559 eriperet
710 2483 743 2542 et
758 2482 853 2544 noctu
870 2478 1048 2544 occultatus
1071 2476 1151 2543 alias
1174 2478 1325 2557 regiones
1349 2496 1409 2559 par·

255 2589 366 2666 tesque
387 2589 513 2665 peteret
542 2602 604 2649 non
632 2584 752 2649 maiore
778 2586 918 2666 equitum
950 2584 1107 2665 praesidio
1138 2602 1232 2665 quam
1257 2590 1414 2665 quattuor,

255 2691 369 2773 quibus
392 2690 466 2756 solis
489 2690 586 2754 vitam
610 2708 700 2756 suam
724 2693 919 2757 committere
943 2690 1089 2757 cudebat.

359 2816 519 2823 -———.

239 2889 263 2938 2.
282 2884 364 2937 multo
383 2882 464 2935 ctiam
482 2884 609 2951 amplias,
625 2884 682 2939 scil.
695 2885 782 2940 iortn·
837 2884 870 2937 ab
877 2884 1270 2951 seAmbiorigem.-captioi,
1282 2883 1419 2940 flichendc

203 2989 266 3027 nam
285 2973 415 3041 potuisse.
836 2970 1245 3041 Eburouen‚welchegeiangen
1256 2990 1419 3041 genommen

239 3067 263 3116 3.
280 3061 407 3131 Quorum
426 3063 544 3115 omnium
562 3078 653 3116 rerum
665 3062 782 3116 maxime
837 3061 962 3128 wnrdcn,
990 3061 1122 3130 glaubten
1149 3061 1201 3115 den
1221 3064 1371 3116 Ambiorix
1395 3066 1419 3117 in

204 3150 407 3216 admirandum,
427 3157 497 3205 statt
515 3151 564 3205 des
583 3151 686 3205 Femin.
706 3149 783 3204 steht
837 3152 911 3205 ihrer
939 3150 1152 3205 unmittelburen
1177 3150 1267 3213 Nche;
1298 3151 1351 3204 auf
1379 3154 1419 3205 die

204 3238 253 3292 das
272 3238 404 3291 Neutrum
417 3237 501 3293 bitere
514 3240 631 3307 inbezug
642 3239 691 3293 aui
702 3241 782 3293 einen
836 3240 927 3307 Frage
947 3239 996 3294 der
1009 3239 1118 3307 Rdmer,
1137 3255 1178 3293 wo
1191 3256 1222 3293 er
1234 3245 1316 3307 utre,
1330 3242 1418 3295 seben
1461 3296 1462 3305 .

204 3327 363 3383 sachlichen
383 3327 493 3395 Begriff.
837 3330 876 3383 sie
887 3329 946 3383 sich
956 3328 1025 3381 nach
1035 3328 1089 3381 ihm
1100 3328 1206 3382 nmund
1217 3330 1418 3399 versichertcn,
1461 3312 1462 3321 ἵ

239 3416 286 3470 43.
324 3420 347 3469 1.
361 3414 482 3482 diruittc't,
501 3415 549 3469 das
562 3416 664 3485 Objekt
682 3417 719 3471 ist
731 3431 782 3471 aus
837 3417 884 3471 ihn
904 3419 971 3472 eben
986 3422 1044 3471 erst
1057 3418 1127 3471 noch
1140 3418 1258 3485 geschen
1269 3434 1304 3471 zu
1317 3418 1416 3473 haben.

205 3504 265 3559 dem
288 3502 533 3569 vorhergehenden
557 3504 612 3557 abl.
637 3504 724 3559 absol.
749 3522 783 3558 zu
837 3536 869 3543 -
882 3521 931 3558 ricc
944 3505 1030 3572 plane
1047 3504 1127 3558 etia-m
1139 3530 1174 3549 =
1194 3507 1311 3561 necdum
1329 3508 1416 3575 plane.

204 3592 378 3658 entnehmen,
397 3591 433 3646 ci.
453 3592 484 3645 V.
504 3595 529 3648 4.
546 3595 570 3645 3,
871 3598 896 3648 5.
915 3594 962 3661 qui
1040 3599 1181 3661 potarent,
1203 3595 1271 3650 iiber
1285 3596 1338 3650 den
1352 3597 1414 3650 kon-

239 3685 264 3735 3.
284 3680 478 3747 omnitempore
489 3685 571 3747 atque
581 3680 720 3748 imbribus,
740 3681 782 3735 die
833 3682 924 3749 junkt.
953 3682 1123 3736 Relativsatz
1150 3682 1185 3737 cf.
1204 3684 1237 3737 V.
1257 3686 1300 3738 39.
1325 3688 1341 3736 2
1374 3686 1410 3753 qui
1461 3714 1462 3731 2

203 3770 381 3837 Regengdsse
411 3770 445 3821 im
473 3768 576 3823 Herbst
608 3769 704 3822 hatten
732 3768 781 3823 das
836 3771 1038 3826 discessissent.
1067 3800 1101 3810 -
1128 3776 1267 3839 naturam,
1296 3774 1341 3828 die
1368 3792 1414 3829 von

205 3858 334 3913 Geireide
352 3856 593 3925 niedergeworfen.
614 3886 646 3894 -
666 3855 709 3908 bis
728 3898 755 3911 ..
776 3897 782 3909 .
836 3859 885 3913 der
903 3859 992 3913 Natur
1010 3860 1182 3914 verliehenen
1201 3860 1313 3929 Krafte,
1334 3863 1415 3917 daher

201 3945 372 4015 pereundum
389 3944 538 4011 obteretur,
564 3960 594 3999 so
617 3944 731 4013 gienbte
754 3945 782 3999 O.
836 3954 961 4002 naturam
990 3948 1098 4002 vincere
1128 3948 1201 4016 „sich
1227 3950 1415 4006 bbermensch·

205 4035 297 4090 seinen
318 4033 400 4099 Plan,
428 4033 471 4087 die
490 4034 639 4089 Eburonen
663 4051 697 4088 zu
723 4050 783 4088 ver·
836 4035 1096 4103 lichanstrengen“.
1115 4062 1147 4075 *-
1167 4037 1415 4106 adsonrommfcli-

205 4122 325 4189 nichten,
343 4136 413 4188 ganz
426 4122 625 4189 durcbgeidhrt
638 4137 672 4175 zu
684 4122 782 4176 haben.
836 4125 953 4189 citatem,
973 4125 1032 4178 scil.
1051 4140 1100 4177 nur
1112 4124 1357 4194 Gefangennahme
1371 4130 1416 4182 des

240 4214 266 4265 4.
293 4210 324 4262 ta
342 4226 402 4263 eum
419 4210 505 4265 locum
530 4209 596 4278 „arri
612 4210 662 4265 den
683 4210 782 4279 Punkt,
837 4212 988 4267 Ambiorix.

206 4297 328 4354 soweit“.
346 4327 379 4337 -
399 4298 429 4350 ιἰι
445 4299 515 4368 fugo
528 4298 629 4367 gehort
647 4316 682 4352 zu
694 4300 781 4353 visum
871 4304 896 4356 6.
909 4302 1020 4355 latebris
1032 4306 1081 4355 aar
1091 4302 1217 4369 saltibus,
1228 4304 1415 4361 cbiinstrum.
