2934 4750
163 203 205 262 74
553 286 558 309 1
636 212 677 268 De
695 212 767 268 bello
788 212 902 268 Gallico.

215 373 309 420 aures
336 373 434 420 unum
462 373 560 420 cornu
589 356 713 421 exsistit
743 355 895 422 excelsius
924 356 1090 438 magisque
1126 355 1287 421 derectum
1316 354 1380 434 hie,

180 473 296 542 aquae
319 462 408 526 nubis
431 467 507 526 nuta
534 467 624 541 aaut,
652 461 818 537 carnibus3
846 462 886 527 ab
910 461 978 527 eius
1001 479 1123 526 summu
1147 461 1230 526 sicut
1252 461 1378 542 palmae

180 579 196 628 e
215 569 356 648 ramique
372 566 437 632 late
454 565 679 632 diffunduntur.
719 567 840 632 Eadem
857 574 906 632 ast
922 565 1056 632 feminae
1073 567 1234 648 marisque
1249 573 1375 646 natura,

214 673 322 738 eadem
347 672 448 739 lorma
472 673 718 754 magnitudoque
742 691 904 739 cornuum.

181 793 194 840 1
305 783 355 844 27.
419 779 500 842 Sunt
533 780 629 858 item,
666 797 747 860 quae
782 779 984 860 appellantur
1018 779 1112 844 alces.
1174 779 1293 843 Harum
1325 785 1377 844 eet

215 884 385 950 consimilis
415 884 519 965 capris
551 882 652 966 figure
679 890 714 950 et
737 885 874 950 varietas
898 885 1042 966 pellium,
1070 885 1127 950 scd
1156 883 1379 965 magnitudine

213 989 309 1074 paulu
333 991 526 1056 antecedunt
549 990 744 1072 mutilaeque
767 997 843 1056 sunt
865 990 1011 1056 cornibus
1035 996 1069 1056 et
1084 1009 1179 1057 crura
1193 991 1260 1056 sine
1283 989 1378 1055 nodis

178 1096 422 1178 narticulisque
454 1095 586 1175 habent,
618 1114 720 1177 neque
751 1097 865 1178 quietis
895 1115 992 1162 cauea
1018 1099 1229 1180 procumbunt
1261 1113 1375 1176 neque,

213 1201 240 1266 si
263 1219 325 1282 quo
348 1200 496 1267 adflictae
519 1219 595 1267 casu
625 1201 844 1282 conciderunt,
878 1202 998 1282 erigere
1026 1219 1096 1267 sese
1125 1208 1181 1268 aut
1209 1201 1380 1268 sublevare

178 1313 354 1388 apuasunt.
401 1307 460 1372 His
482 1314 558 1373 aunt
580 1308 710 1374 arbores
733 1325 792 1390 pro
814 1307 987 1373 cubilibus:
1011 1309 1053 1374 ad
1076 1326 1132 1374 eas
1155 1327 1198 1373 aev
1212 1307 1375 1390 applicant

177 1419 308 1494 ratque
334 1413 380 1478 ita
407 1412 536 1494 paulum
563 1414 657 1479 modu
679 1414 854 1479 reclinatae
881 1415 1021 1494 quietem
1045 1415 1185 1496 capiunt.
1231 1413 1375 1492 Quarum

213 1537 252 1585 ex
266 1519 407 1601 vestigiis
423 1537 494 1584 cum
510 1527 560 1585 est
573 1519 828 1585 animadversum
843 1521 1089 1600 avenatoribua
1107 1539 1169 1602 qun
1186 1539 1221 1586 se
1233 1521 1378 1601 recipere

212 1625 404 1704 consuerint,
426 1643 536 1690 omnes
558 1643 597 1691 eo
620 1626 688 1692 laco
712 1634 769 1691 aut
790 1626 831 1692 ab
848 1627 1007 1692 radicibus
1031 1627 1188 1692 subruunt
1212 1633 1268 1691 aut
1291 1627 1379 1692 acci·

213 1731 293 1796 dunt
316 1730 457 1810 arborea,
480 1738 607 1797 tantum
632 1740 668 1796 ut
690 1749 812 1797 summa
835 1733 955 1814 species
976 1751 1085 1797 earum
1102 1733 1256 1798 stantium
1278 1731 1376 1796 relin-

177 1845 193 1896 5
212 1842 335 1917 quatur.
368 1836 440 1902 Huc
456 1857 527 1903 cum
545 1856 579 1902 ae
591 1839 821 1904 consuetudine
834 1838 1074 1918 reclinaverunt,
1091 1836 1232 1903 infirmas
1244 1839 1380 1904 arbores

211 1940 353 2024 pondere
375 1940 533 2024 adfligunt
554 1948 651 2024 atque
673 1963 737 2009 una
760 1945 849 2025 ipsae
873 1945 1052 2010 concidunt.

178 2057 191 2106 1
301 2051 352 2114 28.
399 2046 539 2112 Tertium
563 2056 612 2113 est
635 2066 735 2128 genus
765 2067 889 2128 eorum,
917 2051 971 2131 qui
994 2050 1045 2113 uri
1074 2048 1285 2130 appellantur.
1331 2047 1376 2112 Hi

212 2157 288 2216 sunt
320 2153 539 2234 magnitudine
571 2153 665 2235 paulu
702 2153 785 2219 iufra
817 2153 1026 2235 elephantus,
1058 2155 1163 2236 specie
1199 2160 1230 2219 et
1269 2154 1375 2220 colare

176 2266 245 2322 aet
274 2254 376 2338 figura
406 2258 499 2323 tauri.
552 2257 669 2340 Magna
696 2260 742 2324 vis
774 2277 882 2324 eurum
911 2265 962 2324 est
993 2266 1026 2324 et
1063 2277 1177 2341 magna
1212 2259 1365 2334 velocitas,

159 2418 262 2425 ———-

158 2484 253 2551 gewirs
275 2485 337 2539 eine
359 2485 466 2540 salaciae
485 2486 613 2554 Angabe,
637 2486 738 2541 melche
792 2490 858 2541 auat
875 2485 1011 2553 cornibus,
1030 2486 1080 2542 dae
1094 2486 1205 2541 Geueih
1218 2487 1257 2541 iat
1270 2486 1377 2557 atumpt*

158 2570 188 2625 0.
208 2588 261 2625 von
279 2574 383 2627 aeinem
399 2572 613 2628 Gewahremaan
632 2574 739 2629 erhielt
792 2574 847 2628 und
872 2574 1106 2643 acuausellurmig.
1135 2604 1168 2615 --
1200 2591 1288 2629 crura
1314 2576 1372 2629 siae

193 2662 218 2713 2.
238 2659 309 2713 dicut
322 2660 434 2727 palmae
452 2662 589 2731 ramique,
609 2663 659 2716 wic
678 2663 739 2718 aich
792 2662 874 2715 nodia
892 2662 1085 2731 articulisque,
1112 2664 1156 2717 ein
1175 2664 1291 2730 lurtum,
1321 2664 1373 2718 den

158 2746 202 2801 die
213 2749 620 2818 geaprciatenFiagervonder
632 2749 739 2805 flachan
793 2751 864 2806 auch
885 2751 988 2805 Plinius
1007 2752 1034 2805 h.
1052 2768 1078 2805 n.
1093 2751 1167 2806 Vlll.
1192 2755 1233 2805 16.
1251 2752 1323 2806 teilt.

158 2834 239 2890 Hand
258 2837 313 2891 und
332 2837 375 2891 die
393 2824 459 2891 date
477 2855 536 2893 vem
554 2837 674 2893 Stammc
692 2839 739 2894 ab·
828 2842 853 2894 2.
874 2840 975 2908 cripere
997 2855 1051 2905 acac
1075 2845 1123 2892 aut
1141 2838 1288 2904 aublccurc,
1314 2838 1372 2894 auf·

159 2924 293 2991 zweigen,
322 2941 353 2980 ao
373 2926 473 2994 gingen
498 2942 550 2980 aron
574 2926 634 2982 dem
653 2927 738 2982 obern
793 2927 892 2981 etchen
911 2926 977 2983 oder
996 2928 1067 2982 auch
1086 2944 1136 2983 nur
1161 2929 1219 2984 sich
1238 2929 1375 2991 erhebam

157 3010 273 3078 bremen,
298 3014 558 3082 achaufelldrmigen
582 3014 660 3069 Euda
689 3014 738 3069 dea
792 3022 842 3069 aut
868 3014 949 3070 leitet
973 3015 1106 3070 demnach
1135 3032 1196 3070 vom
1225 3018 1373 3071 starkeren

158 3099 267 3155 Heraea
295 3101 341 3170 (ab
373 3103 433 3158 eiua
462 3103 577 3172 summo)
613 3104 738 3159 mehrere
792 3120 852 3157 aum
883 3103 1076 3158 schalcheren
1104 3103 1210 3172 Begriff
1232 3105 1308 3173 iiber,
1338 3103 1378 3159 cf.

160 3186 354 3256 l'eraatungen
374 3206 435 3249 aue.
792 3192 838 3245 lv,
865 3195 907 3247 30.
936 3196 952 3246 2
976 3192 1019 3246 his
1048 3194 1184 3261 superatis
1208 3200 1256 3247 aut
1285 3192 1378 3247 reditu

791 3280 955 3334 interclusis.

826 3370 851 3422 4.
872 3368 906 3421 ab
925 3368 1080 3435 radicibus,
1103 3384 1139 3423 an
1159 3368 1210 3423 den
1231 3368 1379 3436 Wurzeln,.

791 3455 824 3509 cf.
845 3472 867 3510 c.
886 3459 930 3511 28.
949 3459 965 3510 6
984 3456 1019 3510 ab
1043 3456 1136 3514 labris.
1158 3486 1189 3495 -
1209 3462 1316 3511 tantum
1332 3463 1371 3526 ut,

790 3543 823 3598 cf.
837 3544 869 3598 V.
885 3547 926 3598 53,
942 3546 958 3596 7
971 3544 1040 3598 adeo
1053 3551 1089 3598 ut.
1105 3574 1134 3583 -
1147 3560 1252 3598 summa
1264 3544 1374 3613 speclea,

791 3632 839 3687 das
859 3631 1114 3687 Geaamtaussehen.

192 3310 238 3365 27.
278 3317 301 3369 l.
320 3329 390 3381 quac
405 3314 590 3381 appellantur,
611 3314 658 3369 der
670 3316 739 3370 indi·

158 3398 310 3453 katiriselre
323 3400 494 3455 Relativeatz
508 3402 648 3457 beatimmt
659 3404 738 3458 nicht

159 3487 202 3540 die
220 3487 439 3543 Beachaffenheit
469 3489 517 3543 dea
536 3489 628 3547 Subat.
653 3490 737 3558 alcea,

159 3574 276 3629 eundern
295 3577 406 3630 vertritt
425 3578 474 3630 das
489 3576 736 3648 deutacheAdjekt.

159 3664 354 3731 „acgenannt“.
369 3694 402 3702 -
416 3664 495 3729 alces,
509 3665 588 3731 nica,
601 3666 736 3721 Elentier.

158 3780 192 3789 —
221 3751 371 3805 canaimilia
397 3753 490 3819 capr-ia
522 3778 557 3797 =
588 3756 736 3809 consimilis

156 3838 260 3905 figurae
285 3855 443 3907 caprarum,
467 3840 501 3895 cl.
528 3858 551 3895 c.
576 3844 619 3896 22.
638 3847 655 3895 4
673 3860 735 3897 cum

157 3927 362 3994 putentissimis.
394 3958 423 3965 —
463 3929 584 3982 varietur
617 3930 737 3999 pellium,

157 4014 201 4069 die
226 4014 481 4083 Manniglaltigkait
500 4017 549 4071 der
579 4018 670 4074 Farbe
689 4020 738 4073 der
827 4019 874 4075 28.
915 4025 937 4077 1.
950 4020 1138 4088 specie...ct
1148 4021 1249 4090 fipura,
1263 4022 1376 4089 species

157 4102 243 4170 Felle,
263 4103 297 4157 da
316 4102 360 4158 die
373 4104 475 4160 ldlhne
494 4105 550 4159 und
563 4105 611 4161 der
621 4107 736 4162 Rdclrcn
791 4109 840 4163 dae
855 4107 1010 4176 anauahen,
1024 4110 1119 4163 aoweit
1133 4124 1162 4162 as
1175 4111 1202 4163 in
1216 4110 1260 4164 die
1272 4111 1374 4178 Augen

157 4190 254 4258 braun,
282 4192 330 4246 der
353 4192 447 4248 Bauch
478 4194 533 4248 und
563 4194 612 4248 der
640 4204 736 4250 untere
789 4196 860 4264 latta,
884 4195 983 4265 figura,
1001 4195 1163 4252 dieGestalt
1181 4198 1375 4253 inmathema-

157 4278 287 4334 Schwana
300 4281 432 4336 weilalich
446 4282 513 4335 sind.
526 4312 559 4321 —
572 4283 736 4352 mutilaeque
789 4283 893 4339 tincher
914 4285 1078 4353 Beziehuug.

826 3724 851 3777 5.
879 3720 1081 3787 consuetudine,
1109 3719 1143 3775 cf.
1174 3720 1205 3774 V.
1229 3724 1309 3777 58,2
1337 3736 1376 3775 ex

789 3809 983 3863 consuetudine
1006 3808 1144 3864 cotidiana
1167 3809 1212 3863 lv.
1237 3813 1312 3864 321
1337 3825 1376 3863 ex

793 3898 996 3952 consuetudine.
