2934 4750
529 149 589 208 Irib.
608 151 643 208 11.
679 153 758 208 5-7.
1209 137 1250 198 77

64 290 242 356 altitudinem
282 292 397 373 pedum
430 291 490 356 XII
524 291 608 358 vallo
646 289 792 373 fossaque
830 290 1045 375 duodeviginti
1082 292 1198 375 pedum

64 397 165 460 munim
187 397 284 464 iubet.

132 506 162 566 6.
190 503 240 567 Ab
261 502 311 568 his
335 503 447 569 eastris
463 503 612 585 oppidum
627 503 799 569 Remorum
814 504 939 570 nomine
955 503 1073 569 Bibrax
1086 503 1199 569 aberat
1218 524 1232 573 r

61 607 130 671 milia
158 625 307 688 passuum
338 613 417 673 outo.
461 607 498 672 Id
526 625 564 672 ex
586 607 699 673 itinera
721 625 837 690 magno
859 609 979 689 impetu
1001 607 1119 689 Belgae
1142 625 1200 689 op-

61 731 185 794 pugnare
210 718 389 794 coeperunt.
436 715 538 794 Aegre
561 731 598 779 eo
622 712 673 778 die
695 718 910 780 sustentatum
932 721 991 780 est.
1034 710 1199 778 Gallorum
1218 733 1234 782 a

60 819 154 882 eadem
177 824 272 900 atque
296 819 466 902 Belgarum
489 819 681 901 oppugnatio
705 801 753 883 est
775 818 863 885 haee.
909 817 972 885 Ubi
1000 818 1201 883 circumiecta

59 923 245 988 multitudine
267 924 427 991 hominum
450 924 525 990 totis
549 925 711 990 moenibus
734 925 873 1007 undique
892 925 925 989 in
939 942 1065 988 manum
1080 922 1200 1004 lapides

58 1028 104 1093 iaci
131 1030 237 1113 coepti
259 1035 334 1096 sunt
356 1047 526 1110 murusque
549 1028 768 1095 defensoribus
791 1031 929 1095 nudatus
952 1035 1011 1105 est,
1041 1027 1201 1094 testudine

57 1132 128 1200 deta
157 1136 332 1202 succedunt
360 1154 546 1218 murumque
574 1136 737 1203 subruunt.
777 1134 869 1214 Quod
890 1140 958 1201 tum
981 1133 1072 1200 iaeile
1093 1132 1200 1198 fiebat.

57 1238 123 1303 llam
147 1260 220 1308 oum
243 1246 335 1306 tanta
356 1241 525 1308 multitudo
547 1241 669 1323 lapides
693 1259 731 1308 ae
753 1241 818 1307 tela
840 1242 1029 1318 conicerent,
1054 1241 1087 1304 in
1109 1256 1235 1309 muros

57 1347 236 1413 consistendi
267 1352 406 1429 potestas
436 1352 505 1412 erat
534 1346 622 1412 nulli.
670 1344 749 1411 Cum
778 1344 873 1411 finem
906 1345 1109 1428 oppugnandi
1139 1362 1235 1414 noar

56 1447 179 1532 iecisset,
211 1452 314 1518 leuius
337 1453 464 1531 Remus,
495 1470 619 1516 summa
640 1451 808 1517 nobilitate
831 1459 864 1516 et
886 1451 991 1533 gratia
1012 1451 1094 1515 inter
1116 1467 1200 1528 suos,

56 1556 99 1633 qui
119 1563 188 1622 tum
214 1557 328 1639 oppido
351 1557 542 1639 praefuerat,
566 1574 647 1622 unns
671 1575 708 1620 es
731 1557 778 1636 iia,
803 1559 856 1638 qui
879 1556 978 1638 legati
1000 1556 1039 1620 de
1061 1573 1139 1636 paee
1160 1555 1201 1619 ad

55 1657 216 1737 Caesarem
239 1669 400 1742 venerant,
423 1663 567 1727 nuntium
589 1662 632 1727 ad
654 1681 725 1729 eum
749 1663 854 1741 mittit,
878 1662 937 1727 nisi
952 1661 1126 1727 subsidium
1142 1661 1202 1726 sibi

54 1767 260 1847 submittatur,
285 1785 354 1834 sese
377 1768 495 1832 diutius
517 1769 674 1834 sustinere
696 1786 759 1833 nou
781 1786 883 1849 posse.

133 1881 163 1941 7.
205 1873 252 1938 Eo
280 1874 318 1938 de
350 1874 454 1940 media
480 1878 573 1940 nocte
602 1871 719 1938 Caesar
747 1874 847 1938 isdem
877 1873 1009 1938 duribus
1031 1890 1118 1951 usus,
1149 1873 1234 1953 quir

56 1980 147 2043 nuntii
177 1979 219 2044 ab
249 1979 329 2044 Ieoio
360 1985 525 2058 venerant,
561 1978 712 2044 Numidas
744 1987 777 2044 et
808 1976 919 2045 Cretas
954 1977 1138 2060 sagittarios
1169 1984 1203 2042 et

56 2134 362 2145 N—..oe———h-

55 2239 112 2296 bans
145 2245 197 2310 ist,
236 2259 266 2296 ao
300 2241 348 2296 hat
375 2237 405 2298 O.
433 2241 552 2296 dieselbe
585 2241 627 2295 als
680 2240 915 2296 Heilverfahren“.
928 2271 960 2280 -
977 2239 1042 2294 totis
1052 2239 1257 2294 moenibaasabl.

56 2329 321 2387 selbstverstl'andlieh
358 2329 435 2385 nioht
476 2329 627 2385 basonders
680 2329 733 2386 loci
753 2329 875 2399 ,uberall
893 2345 929 2384 an
947 2329 996 2385 der
1015 2328 1139 2386 Maner“.
1162 2357 1196 2368 -
1219 2333 1256 2383 te·

56 2420 239 2487 ausgedrtiolrt.
271 2416 305 2473 ef.
331 2418 362 2471 V.
386 2420 429 2471 42.
454 2422 467 2471 l
493 2434 520 2475 n.
540 2422 564 2471 b.
593 2446 627 2458 -
680 2417 790 2472 etudine
811 2419 887 2485 foetu
905 2443 940 2463 =
957 2418 1094 2486 phalange
1120 2417 1195 2473 faeta
1221 2416 1257 2475 od.

57 2508 153 2561 munire
170 2508 247 2561 iubet
266 2505 323 2559 scil.
344 2505 452 2561 milites.
472 2506 561 2560 Wenn
576 2506 626 2561 das
680 2522 715 2560 zu
724 2507 746 2560 1.
758 2510 801 2561 24.
809 2511 834 2563 5.
886 2505 1257 2575 subruunt,unteraulihlen“.

58 2590 121 2663 Subj.
141 2596 201 2649 siah
216 2594 301 2651 leiuht
313 2608 363 2647 aus
377 2593 436 2647 dem
450 2592 627 2649 Zusamanen·
716 2615 741 2666 3,
759 2612 838 2679 nugi,
857 2611 943 2666 durch
958 2611 1001 2666 (119
1011 2610 1256 2679 sggplunghervor.

57 2678 136 2749 hange
155 2682 277 2749 ergiebt,
302 2680 387 2736 findet
405 2681 462 2735 siah
483 2682 627 2736 soheinbar
680 2701 813 2768 gehoben.
832 2702 866 2755 cf,
885 2702 906 2757 1·
925 2702 950 2756 7,
969 2704 994 2755 3,

57 2772 118 2824 nach
136 2772 238 2827 'iubere
258 2770 306 2823 der
323 2769 411 2824 blaise
429 2769 509 2825 Infin.
539 2769 575 2827 of.
595 2770 626 2825 V.

57 2858 84 2910 33
110 2864 162 2914 3u
192 2864 208 2912 ὃ
715 2809 740 2859 4.
758 2822 863 2859 summ
873 2802 1166 2872 subditumetgruta'a.
1182 2790 1258 2857 siber

682 2893 725 2948 die
739 2894 912 2961 Auslassung
931 2892 979 2946 des
992 2890 1159 2959 Appellatio.
1179 2889 1213 2944 oi.
1223 2905 1258 2943 zu

680 2982 701 3036 1.
722 2966 764 3035 18ss
781 2986 806 3035 3.
834 3011 868 3019 -
895 2980 943 3048 qui
960 3021 966 3033 .
986 2979 1179 3047 ‚praefuerat
1195 2976 1258 3032 wel·

242 3036 319 3121 Kap·
342 3038 431 3102 6‘7·
681 3069 748 3123 elrer
775 3068 825 3124 das
852 3069 1020 3124 Kommando
1048 3068 1076 3122 in
1104 3067 1152 3119 der
1179 3065 1259 3120 Stadt

97 3156 295 3223 Bestilrmung
312 3155 371 3211 und
388 3156 507 3211 Entsatn
525 3172 579 3211 von
681 3158 784 3226 gehabt
807 3158 883 3212 hatte
901 3157 957 3211 und
976 3157 1048 3212 noch
1066 3156 1152 3211 hatte.
1180 3153 1214 3209 ef.
1232 3155 1258 3212 b.

277 3244 400 3299 Bibrax.
682 3262 705 3302 o.
726 3246 762 3299 Il.
783 3249 826 3300 27.
848 3248 864 3297 2
883 3260 966 3313 qnam
981 3245 1137 3299 habuerant
1156 3244 1259 3311 opinio-

86 3350 112 3404 t.
133 3354 145 3405 l
167 3349 287 3416 Bibrax,
305 3350 442 3405 entweder
455 3350 504 3405 das
517 3352 629 3420 hentige
682 3349 752 3387 nem·

59 3433 208 3495 Beaurieux
220 3437 286 3494 oder
299 3437 348 3493 der
360 3437 433 3505 Berg
442 3438 630 3499 maur-Laos
719 3440 746 3495 7.
775 3443 798 3493 1.
816 3436 1049 3491 eo=inurbem
1071 3467 1104 3475 -
1123 3436 1260 3491 Numidas

59 3551 86 3562 -
113 3530 297 3581 sustentatum
319 3531 371 3592 est,
406 3526 572 3581 intensivum
595 3545 630 3582 zu
682 3532 708 3580 et
737 3525 832 3580 Gratus
863 3524 1026 3594 saginarios
1055 3531 1081 3579 et
1107 3524 1260 3592 funditores

58 3618 190 3671 sustinere
208 3614 263 3669 und
280 3614 330 3668 wie
349 3613 436 3669 dieses
455 3614 503 3685 §4
521 3614 631 3671 absolut
684 3612 823 3670 Baleares.
844 3612 926 3667 Diese
937 3612 1056 3667 bildeten
1067 3614 1161 3682 eigana
1173 3614 1260 3680 Trap-

59 3703 213 3769 gebrauoht,
232 3702 333 3756 ebenso
351 3718 374 3755 u.
394 3706 436 3760 14.
456 3706 490 3768 6,.
505 3702 629 3771 dagegen
682 3718 818 3771 pensorps
842 3702 889 3757 des
914 3706 982 3755 rbnn.
1007 3702 1120 3769 Haeret,
1147 3702 1176 3753 in
1198 3700 1260 3754 wel·

59 3786 86 3842 V.
104 3796 147 3849 39.
166 3795 182 3845 4
201 3806 283 3859 aegre
301 3791 324 3845 is
344 3788 400 3844 dies
419 3796 597 3846 sustentatur.
683 3792 763 3845 ehem
775 3789 1072 3845 sieftirSolddienten.
1091 3787 1260 3843 DieSolrleu-

90 3883 112 3934 2.
132 3877 303 3947 oppugnatio
317 3900 349 3923 =
367 3879 438 3933 ratio
457 3879 631 3947 oppugnandi
684 3878 731 3933 der
745 3877 794 3932 der
807 3877 952 3943 Balearen,
971 3877 1055 3931 deren
1068 3875 1261 3944 Fertiglreitin

62 3964 414 4035 ,Belageruugsmethode“.
437 3964 490 4021 Die
516 3966 631 4022 Verbal·
684 3965 775 4021 dieser
793 3964 950 4034 Beziehnng
967 3964 1026 4018 Lis.
1045 3963 1172 4017 XXVlll.
1189 3966 1261 4017 37.6

62 4054 141 4108 subst.
166 4052 216 4109 auf
239 4053 265 4108 io
290 4052 455 4125 bezeichnen
472 4052 565 4122 haufig
588 4053 631 4109 die
684 4054 786 4119 rllhmt,
809 4052 926 4107 beataum
948 4066 999 4106 aus
1022 4052 1109 4105 einem
1131 4050 1261 4106 ledernen

62 4141 108 4195 Art
134 4142 190 4195 und
207 4141 301 4196 Weiss
330 4140 377 4196 der
402 4141 570 4209 Thatigkait.
597 4142 632 4197 ef.
685 4141 784 4209 Gurte,
805 4141 856 4195 mit
878 4139 1009 4196 welebem
1031 4140 1072 4195 aie
1090 4138 1182 4193 steine
1206 4138 1262 4218 und

63 4224 109 4283 (lie
130 4231 213 4285 Tusa.
236 4228 282 4285 IV.
308 4232 351 4285 27.
371 4232 404 4283 59
429 4230 537 4285 curatio
567 4229 631 4297 ,das
685 4230 895 4297 Bleigesehosse
913 4228 1049 4296 (glandes)
1066 4228 1181 4287 wmfen.
