2934 4750
536 267 637 324 Oomm.
657 267 690 324 V.
709 267 824 324 53—56.
1246 256 1290 316 49

66 409 145 490 fide,
166 409 285 474 alteros
307 427 365 491 pro
387 409 568 474 recentibus
584 407 697 474 Gallici
719 408 794 473 belli
814 405 935 487 officiis,
960 408 1048 474 nnlla
1070 407 1136 474 fere
1160 409 1235 474 civi·

68 523 123 581 tas
146 515 243 580 luerit
266 532 328 580 uon
351 522 499 597 suspecta
521 514 621 582 nobis.
669 515 766 596 idque
796 515 876 579 adeo
909 514 994 579 haud
1026 515 1090 580 scio
1120 516 1274 580 mirans

69 621 192 685 dumne
215 621 268 699 sit,
292 638 362 684 com
379 620 592 701 compluribus
616 620 686 686 aliis
711 620 879 696 decausis,
903 625 968 684 turn
986 621 1128 699 maxime,
1153 620 1237 702 quod

72 727 114 806 ei,
138 726 193 808 qui
215 726 335 790 virtute
358 725 434 791 belli
456 727 601 792 omnibus
629 727 778 808 gentibus
807 722 1079 807 praeferebantur,
1111 732 1237 790 tanturn

74 850 110 897 se
133 833 200 897 eius
231 833 386 912 opinionis
418 817 646 914 deperdidisse,
680 839 716 897 ut
735 849 770 897 ‘a'
794 831 910 913 populo
933 831 1074 897 Ronlano
1104 833 1237 913 imperia

74 936 260 1019 perferrent,
284 937 471 1019 gravissime
494 937 654 1005 dolebant.

165 1048 217 1110 55.
249 1043 379 1108 Treveri
401 1062 477 1109 vero
499 1048 594 1124 atque
616 1043 829 1108 ldutiomarus
858 1044 956 1108 totius
984 1043 1094 1108 hiemis
1118 1042 1236 1107 nullum
1258 1055 1272 1104 1

73 1155 201 1230 tempus
232 1149 483 1227 intermiserunt,
514 1150 588 1230 quio
621 1155 710 1213 trans
739 1147 883 1213 Rhenum
916 1148 1038 1230 legatos
1068 1151 1238 1228 mitterent,

75 1255 223 1319 civitates
246 1253 465 1333 sollicitarent,
488 1256 638 1337 pecunias
654 1254 888 1336 pollicerentur,
913 1273 1028 1334 magna
1043 1262 1134 1336 parte
1150 1274 1239 1319 exer·

78 1360 160 1424 citus
175 1360 276 1423 nostri
291 1357 459 1424 interfecta
474 1358 575 1424 multo
591 1360 744 1424 minorem
761 1377 927 1440 superesse
948 1361 1090 1426 dicerent
1105 1367 1237 1442 partem.

81 1463 188 1544 Neque
215 1471 322 1528 tamen
354 1462 410 1528 ulli
440 1465 560 1529 civitati
583 1464 815 1530 Germanorum
847 1467 1031 1546 persuaderi
1061 1469 1172 1547 potuit,
1203 1475 1276 1530 ut2

79 1568 222 1635 Rhenum
245 1571 405 1650 transiret,
431 1589 501 1635 cum
525 1589 560 1636 se
582 1570 631 1636 bis
647 1575 791 1652 expertos
809 1558 961 1652 dicerent,
986 1572 1137 1636 Ariovisti
1157 1572 1239 1638 bello

78 1680 111 1740 et
132 1675 360 1741 Tencterorum
382 1679 535 1742 transitu:
566 1696 629 1741 uon
662 1694 733 1741 esse
764 1675 899 1757 amplius
922 1676 1081 1742 fortunam
1106 1685 1240 1759 tempta-

78 1789 177 1845 turos.
216 1780 286 1846 Hac
302 1799 359 1862 spe
373 1781 483 1863 lapsus
499 1781 735 1846 Indutiomarus
752 1781 848 1846 nihilo
865 1783 969 1846 minus
986 1783 1094 1864 copias
1111 1801 1237 1864 cogere,
1259 1797 1276 1847 3

80 1903 234 1965 exercere,
266 1886 448 1951 afinitimis
478 1905 576 1968 equos
603 1905 727 1969 parare,
759 1887 882 1952 exsules
913 1887 1140 1976 damnatosque
1171 1895 1241 1953 tota

81 1989 187 2054 Gallia
215 1995 336 2072 magnis
359 1995 509 2074 praemiis
532 1996 575 2063 ad
597 2013 631 2059 se
655 1993 783 2058 allicere
807 1995 919 2074 coepit.
967 1994 1011 2058 Ac
1034 2000 1156 2059 tantam
1180 1996 1275 2060 sitii

80 2096 142 2160 iam
165 2095 213 2161 his
234 2099 330 2164 rebus
352 2101 385 2163 in
401 2099 753 2165 Gallia-auctoritatem
770 2107 1019 2181 comparaverat,
1043 2109 1078 2165 ut
1102 2101 1244 2182 undique

77 2203 119 2267 ad
133 2221 206 2267 eum
222 2193 396 2284 legationes
411 2210 645 2286 concurrerent,
662 2207 799 2288 gratiam
816 2213 912 2288 atque
928 2207 1097 2272 amicitiam
1115 2207 1241 2288 publice

49 2330 53 2334 ·
76 2309 288 2392 privatimque
310 2315 464 2393 peterent.

167 2421 217 2481 56.
250 2417 313 2483 Ubi
345 2418 500 2483 intellexit
535 2420 617 2483 ultro
649 2419 689 2483 ad
724 2438 758 2483 se
792 2420 905 2499 veniri,
942 2420 1043 2485 altera
1078 2438 1115 2485 ex
1149 2428 1275 2501 parter

77 2521 218 2587 Senones
235 2520 455 2605 Garamasque
478 2525 673 2589 conscientia
695 2523 843 2589 facinoris
867 2526 1020 2607 instigari,
1045 2525 1146 2589 altera
1163 2525 1242 2589 Ner-

78 2628 145 2691 vios
169 2628 415 2710 Aduatucosque
439 2629 556 2695 bellum
579 2630 728 2695 Romanis
761 2648 884 2710 parare,
918 2648 1017 2711 neque
1049 2632 1108 2695 sibi
1132 2630 1243 2695 volun·

80 2734 234 2798 tariorum
258 2736 365 2814 copias
390 2735 507 2815 delore,
539 2740 565 2800 si
589 2756 626 2801 ex
657 2734 771 2800 finibus
802 2736 1043 2817 suis'progredi
1076 2738 1242 2819 coepisset,

112 3017 138 3069 5.
157 3013 238 3081 adeo,
265 3032 299 3068 zu
318 3015 467 3069 mirandum
494 3034 528 3070 zu
554 3017 658 3073 ziehen.
747 3018 772 3069 4.
789 3014 898 3082 publice
911 3013 1111 3082 privatimque,
1135 3017 1169 3069 im
1189 3016 1296 3071 Numen

78 3134 111 3141 —
130 3103 234 3156 uirtute
252 3103 314 3157 helii
331 3128 365 3147 =
385 3106 486 3157 virtute
504 3105 611 3159 bellica.
625 3134 658 3144 —
713 3104 761 3159 des
781 3104 874 3158 Staats
894 3101 948 3155 und
973 3103 1000 3155 in
1020 3103 1108 3156 ihrem
1133 3106 1239 3172 eigneu.
1260 3136 1294 3145 -

80 3196 189 3244 tontum
202 3234 208 3245 .
223 3232 230 3245 .
243 3233 249 3245 .
263 3192 322 3245 eiua
341 3192 489 3260 opinionis,
508 3195 593 3247 sovicl
606 3210 658 3248 von
748 3193 794 3248 56.
833 3198 858 3247 1.
876 3190 966 3257 ultro,
992 3190 1062 3245 ohne
1082 3190 1296 3261 Aufforderung,

78 3282 172 3336 dieser
199 3280 319 3349 Geltong
346 3282 374 3335 in
403 3282 451 3335 der
484 3281 657 3336 dffentlicbeu
712 3298 763 3336 aus
791 3281 887 3335 freiem
907 3279 1050 3333 Antriebe.
1070 3308 1103 3319 -
1128 3281 1297 3334 couscientia

80 3370 221 3437 meinung.
240 3398 275 3421 -,-
293 3384 311 3421 α
326 3369 431 3437 populo
445 3369 578 3435 Rornano,
597 3371 659 3424 weil
712 3369 856 3435 facinoris.
893 3368 972 3423 Nach
991 3384 1013 3423 c.
1031 3370 1073 3422 25.
1093 3371 1108 3421 3
1133 3368 1228 3423 hatten
1253 3369 1297 3423 die

79 3459 194 3527 imperia
216 3457 342 3526 perferre
370 3459 448 3511 einen
472 3458 661 3526 passivischen
715 3456 855 3511 Carnuten
876 3457 927 3511 den
953 3472 1004 3510 von
1023 3456 1051 3510 Ο.
1072 3457 1113 3510 als
1132 3456 1221 3525 Kbnig
1241 3458 1297 3512 ein·

80 3546 186 3614 Begriff
200 3546 294 3601 bildet.
312 3574 343 3587 -
363 3546 493 3613 imperia,
522 3547 589 3601 iiber
608 3546 660 3601 den
714 3552 853 3612 gesetzten
872 3545 1019 3611 Tasgetius
1038 3550 1169 3613 getotet„
1182 3547 1253 3601 nach
1273 3562 1297 3600 o.

79 3635 177 3689 Plural
195 3634 229 3689 ci.
248 3652 271 3689 c.
291 3637 334 3689 27.
353 3639 378 3689 3.
714 3637 757 3688 54.
776 3639 793 3688 2
812 3634 907 3688 hatten
928 3634 971 3688 die
992 3633 1118 3687 Senones
1140 3634 1191 3687 den
1211 3635 1298 3688 Mori-

114 3723 162 3777 bb.
197 3728 223 3777 2.
241 3738 301 3776 cum
388 3723 515 3789 dicerent,
537 3723 595 3777 scil.
615 3723 660 3778 die
713 3728 807 3790 uagus
818 3721 1162 3789 vertrieben.-Ncroios,
1173 3722 1207 3776 cf.
1219 3737 1241 3776 c.
1252 3724 1295 3779 38.

83 3813 244 3867 Germanou.
264 3840 297 3851 ·-
317 3817 449 3879 copertos,
467 3811 577 3866 absolut
592 3813 660 3881 „Fir-
714 3814 739 3866 2.
760 3841 793 3849 -
814 3810 1036 3879 Aduatucosque,
1056 3809 1090 3865 cs.
1110 3826 1132 3864 e.
1152 3814 1194 3864 27.
1214 3814 1239 3863 2.
1263 3839 1297 3847 -

82 3900 199 3969 sabruug
218 3900 359 3968 mochen“,
379 3899 413 3953 cl.
433 3916 456 3953 c.
476 3901 498 3954 1.
516 3904 559 3955 44.
578 3904 604 3955 4.
626 3932 660 3939 -
714 3899 1015 3955 armatumeoncilium.
1027 3896 1298 3953 Solehebewaffnete

78 3990 217 4045 Ariouisti
229 3989 304 4056 balio,
324 3989 357 4043 ci.
369 3988 390 4041 1.
402 3991 516 4045 48-54.
530 4018 563 4027 -
580 3987 660 4042 Tenc·
715 3986 967 4056 Landsgemcindeu
979 3988 1106 4041 scheinen
1116 3988 1159 4041 bei
1172 3986 1222 4039 den
1233 3986 1299 4042 Gal·

77 4086 199 4135 terorum
217 4078 290 4145 fuga,
310 4075 344 4131 ci.
365 4076 411 4131 lV.
431 4080 544 4131 12-15.
715 4076 785 4129 liern
799 4076 860 4130 eine
879 4075 1155 4143 uralteEinricbtung
1170 4090 1297 4142 genesen

116 4172 141 4223 3.
162 4166 227 4220 Hoc
244 4181 291 4233 spe
312 4165 416 4233 lapsus,
435 4164 471 4223 ci.
489 4182 511 4220 e.
525 4169 596 4219 42.1
618 4164 661 4218 Ab
715 4162 871 4232 naseinai.
883 4164 1114 4227 Ltv.xxl.20.1;
1135 4164 1175 4217 aie
1186 4163 1296 4217 dienten

76 4259 132 4311 hac
149 4248 198 4323 spe
217 4254 321 4322 repulsi
334 4256 450 4328 c.·48.l
472 4254 661 4321 opinione...
716 4252 793 4306 nicht
812 4268 863 4305 nur
882 4251 1100 4320 aurSammlung
1118 4251 1167 4304 der
1187 4249 1298 4303 wallen-

77 4345 215 4400 deiectus.
715 4336 1205 4408 fabigenMaunschaft,sondernauf
1216 4338 1297 4389 ihnen

132 4448 287 4499 walthan
302 4447 415 4491 caesana
428 4446 484 4489 bell.
499 4446 563 4489 Gall.
579 4445 622 4489 lli.
1154 4444 1166 4481 4
