2934 4750
545 203 605 257 uro.
625 202 672 260 tv,
710 206 744 257 rr
763 219 789 258 u.
810 207 851 258 rs.
1262 195 1301 253 41

87 342 175 407 Haec
206 343 328 408 directa
351 346 485 408 materia
509 345 626 410 iniecta
650 345 899 413 contexebantur
921 362 958 410 ac
981 345 1134 428 longuriis
1158 348 1287 412 crati-s

84 450 207 529 busque
241 450 541 529 consternebantur3
575 469 612 515 ac
643 450 741 515 nihilo
775 452 879 516 secius
912 451 1051 516 sublicae
1078 459 1111 516 ct
1143 452 1184 516 ad
1206 454 1287 516 ine

82 552 235 619 feriorem
262 561 386 635 partem
414 552 550 622 fluminis
584 557 709 637 oblique
739 557 927 636 agebantur,
959 574 1041 638 quae
1070 575 1127 637 pro
1145 559 1252 622 ariete

84 659 252 724 subiectae
271 666 393 725 etcum
408 661 495 726 omni
510 680 608 742 opere
624 662 812 727 coniunctae
828 662 891 726 vim
907 659 1044 727 fluminis
1059 663 1250 743 exciperent,

81 774 118 830 et
146 765 230 830 aliae
256 767 333 830 item
359 784 460 847 supra·
483 772 612 848 pontem
639 767 789 834 mediocri
818 768 930 849 spatio,
963 774 1008 847 ut,
1045 767 1071 832 si
1103 770 1252 834 arborum
1273 778 1306 829 10

83 873 192 936 trunci
219 872 287 937 sive
315 891 414 937 naves
445 873 598 939 deiciendi
631 873 737 955 operis
766 879 874 939 essent
905 891 926 938 a
955 873 1099 938 barbaris
1127 874 1252 953 missae,

83 978 137 1043 his
175 976 394 1044 defensoribus
431 997 544 1044 earum
581 997 689 1044 rerum
725 980 773 1044 vis
812 979 1024 1058 minueretur,
1065 999 1126 1044 neu
1164 981 1254 1061 ponti

85 1090 247 1150 nocerent

154 1267 157 1273 1
180 1195 231 1254 18.
255 1189 375 1254 Diebus
398 1191 516 1271 decem,
540 1192 654 1272 quibus
677 1192 813 1256 materia
835 1196 949 1272 coepta
966 1197 1036 1256 erat
1051 1190 1253 1272 comportari,
1275 1205 1287 1252 1

84 1296 173 1360 omni
201 1314 297 1377 opere
324 1294 436 1362 effecto
464 1298 622 1371 exercitus
643 1296 833 1362 traducitur.
882 1297 999 1360 Caesar
1022 1296 1062 1360 ad
1085 1301 1288 1378 utramquea

85 1409 213 1483 partem
242 1403 349 1482 pontis
378 1399 469 1468 firmo
501 1403 664 1484 pracsidio
695 1403 807 1467 relicto
836 1403 869 1466 in
899 1399 978 1467 fines
1005 1401 1254 1484 Sugambrorum

85 1507 261 1573 contendit.
308 1508 440 1572 interim
472 1527 492 1571 a
524 1508 738 1589 compluribus
769 1507 951 1572 civitatibus
981 1508 1021 1573 ad
1054 1527 1125 1572 eum
1157 1507 1289 1588 legatia

87 1614 232 1691 veniunt3
259 1614 375 1695 quibua
405 1633 514 1695 pacem
544 1620 639 1696 atque
667 1614 839 1679 amicitiam
869 1614 1051 1696 petentibus
1082 1613 1255 1678 liberaliter

88 1720 253 1800 respondit
286 1720 474 1801 obsidesque
507 1720 548 1785 ad
581 1737 617 1784 se
651 1718 766 1784 adduci
796 1719 891 1783 iubet.
948 1719 1116 1801 Sugambri
1148 1738 1185 1783 ex
1217 1731 1290 1783 coc

90 1832 240 1906 tempore,
271 1845 334 1907 quo
361 1844 441 1908 pons
469 1827 595 1891 institui
625 1829 756 1907 coeptus
787 1830 843 1903 est,
875 1821 951 1906 luga
979 1830 1161 1906 comparata
1183 1824 1256 1889 hor·

90 1929 233 2022 tentibus
256 1932 304 2011 iis,
327 1949 407 2013 quos
431 1951 469 1996 ex
492 1932 654 1997 Tencteris
678 1935 774 2012 atque
790 1929 976 2010 Usipetibus
997 1929 1083 2010 apud
1107 1947 1141 1994 se
1160 1929 1256 1994 habe-

94 2037 179 2111 bant
203 2034 317 2102 finibus
341 2039 407 2102 suis
423 2046 625 2105 excesserant
639 2053 761 2117 suaque
776 2035 883 2100 omnia
897 2040 1143 2115 exportaverant
1159 2051 1257 2117 seque

89 2143 122 2205 in
145 2141 347 2208 solitudinem
370 2161 407 2207 ac
430 2142 527 2208 silvas
550 2141 751 2208 abdiderant.

90 2268 113 2273 ..-
118 2267 317 2274 -ae—-O-mv—v—w-t-
324 2269 349 2274 Ν,
358 2269 410 2274 ,Μ

108 2301 150 2389 Δ8.
171 2333 251 2389 Haec
269 2344 322 2391 etc.
352 2336 402 2391 Die
421 2351 452 2390 ao
471 2334 671 2393 entatandenan
725 2334 764 2389 iat
783 2334 826 2388 ein
839 2332 936 2388 Geuet.
949 2331 1054 2401 qualit,
1074 2331 1193 2388 welches
1207 2332 1310 2401 iniolge

86 2424 178 2480 Joche
209 2425 319 2479 worden
356 2425 442 2479 durch
473 2426 672 2479 Streolrbalken
727 2422 776 2477 der
797 2420 970 2477 Verbalform
997 2421 1121 2486 ahgleich
1141 2422 1192 2475 den
1212 2422 1311 2477 Zweck

86 2513 209 2580 (directa
223 2514 389 2581 materia)in
402 2514 674 2581 geraderltichtung
728 2510 887 2565 ausdrdclrt.
926 2510 961 2563 So
987 2496 1255 2569 biiutvtuslxe.
1278 2514 1311 2564 19

88 2601 162 2656 nach
182 2600 231 2654 der
250 2601 347 2669 Lange
365 2600 415 2655 der
435 2602 541 2656 Brucke
559 2602 675 2655 verbun-
728 2598 821 2665 capita
839 2597 957 2652 luendae
976 2597 1138 2664 sponsionis,
1158 2598 1205 2651 IX.
1222 2600 1264 2653 45.
1279 2600 1311 2652 18

88 2691 153 2757 den,
171 2689 226 2744 und
244 2690 321 2745 dieae
335 2690 482 2745 wiederum
495 2690 581 2744 durch
594 2690 675 2757 lange
705 2687 711 2760 ζ
730 2692 856 2741 oratores
874 2686 953 2754 pacis
972 2686 1114 2753 petendae.
1145 2714 1177 2725 -
1205 2686 1247 2738 hio
1267 2685 1312 2739 de·

90 2778 211 2846 Staagen
237 2777 397 2847 (longuriis)
418 2779 473 2833 und
497 2778 674 2832 Flcchtwerlr
709 2772 711 2777 ’
729 2774 885 2845 feruoribus
902 2774 939 2827 ist
958 2772 1012 2830 abl.
1031 2773 1088 2827 abs.

88 2865 240 2933 (cratibus)
258 2864 384 2921 bedecht.
721 2868 746 2896 ⁴¹⁵
765 2862 811 2917 18.
851 2866 873 2915 i.
900 2860 1004 2915 Diebus
1028 2859 1123 2927 decem,
1154 2860 1252 2929 quibua
1277 2861 1312 2915 ci.

127 2958 153 3009 9.
171 2969 206 3008 eo
223 2953 315 3007 abeo
332 2954 420 3007 amieo
438 2960 490 3010 etc.
526 2954 676 3009 Troiades
730 2967 765 3005 au
784 2952 832 3005 111.
850 2952 893 3005 23.
912 2953 938 3005 2.

86 3044 185 3097 fasten
197 3042 288 3096 Baues
307 3041 427 3107 wardan,
446 3058 491 3095 nm
510 3042 555 3096 die
567 3042 677 3097 Brilelra
766 3044 790 3093 3.
807 3037 958 3092 liberaliter
971 3035 1160 3105 „ineundlich“
1180 3036 1214 3090 ci.
1228 3052 1263 3090 zu
1276 3037 1311 3091 ll.

88 3149 140 3187 vor
167 3131 217 3185 der
244 3130 350 3184 Gewalt
380 3130 428 3184 dea
456 3130 578 3185 Strames
605 3130 676 3184 noch
730 3124 1316 3194 b.1.-rerpoodit...iabct.1)asanf

88 3221 214 3275 mehrau
227 3220 366 3285 schamen,
380 3218 677 3273 unterhalbderaelben
731 3216 780 3270 das
809 3214 882 3271 Peri.
910 3212 1036 3281 folgende
1061 3212 1139 3267 Pras.
1165 3228 1313 3282 tergagam-

92 3309 142 3376 (ad
170 3308 330 3363 inferiorem
358 3308 477 3375 partem)
504 3306 604 3361 Pilthle
635 3308 677 3362 ala
730 3304 839 3372 wirtigt
866 3302 923 3357 und
953 3301 1021 3357 heht
1052 3301 1133 3356 somit
1164 3302 1234 3355 nach
1266 3301 1314 3356 der

91 3396 208 3452 saonen
228 3396 374 3464 (sublicae)
388 3398 427 3449 ›in
442 3395 577 3462 adragas
593 3396 676 3450 fflch·
729 3390 920 3446 freundlichan
939 3390 1068 3445 Antwort
1087 3389 1131 3444 die
1150 3389 1314 3457 Forderung

94 3497 163 3553 tang
181 3483 315 3553 (oblique)
333 3483 472 3551 aupelegt
730 3479 832 3536 Cdaars
860 3479 1010 3534 besonders
1038 3478 1145 3533 hervor.
1182 3477 1314 3548 Hduiiger

130 3578 172 3630 10.
192 3578 217 3627 et
235 3572 390 3628 nemeaea
407 3581 460 3628 etc.
496 3570 675 3638 Deagleichen
730 3567 818 3622 findet
830 3568 890 3622 sich
903 3568 947 3622 bei
961 3567 990 3622 G.
1003 3567 1046 3621 ein
1059 3566 1168 3621 solcher
1181 3566 1313 3635 Tempus·

93 3661 195 3716 solltea
212 3661 324 3729 andere,
347 3658 578 3715 wahrscheinliclr
596 3660 677 3713 aenk-
731 3656 858 3711 nachael.
874 3656 909 3711 ci.
924 3658 944 3711 l.
957 3658 999 3710 46.
1014 3660 1040 3713 2.
1054 3656 1078 3710 b.
1092 3672 1115 3710 c.
1128 3654 1151 3712 Ι.
1164 3657 1206 3711 65.
1220 3660 1234 3707 ‘l
1249 3672 1275 3710 u.
1288 3660 1312 3707 b.

95 3747 186 3818 recht,
210 3750 238 3802 in
263 3750 352 3803 einem
375 3748 509 3816 mdisigen
536 3747 676 3802 Abstande
765 3748 790 3802 4.
808 3742 1189 3813 iustiuti„erbautwerden“.
1202 3771 1231 3781 -
1243 3742 1313 3827 [repa

94 3852 144 3891 ton
163 3836 213 3891 der
233 3836 341 3891 Bruclre
359 3835 554 3905 singarammte
570 3836 676 3904 Penta,
728 3838 889 3901 comparata
908 3830 1083 3885 hortantibus
1100 3830 1138 3883 iia
1155 3837 1207 3883 etc.
1236 3828 1312 3883 Uber

92 3925 138 3979 dic
162 3925 280 3979 letatere
302 3939 390 3992 gagen
414 3924 467 3978 den
487 3924 602 3991 Anprall
621 3940 674 3977 ron
728 3920 779 3976 das
799 3920 959 3975 Verhtltnis
978 3921 1026 3974 der
1044 3918 1256 3985 Unterordnung
1284 3920 1311 3971 in

92 4015 314 4068 Boumatdnrmen
342 4012 398 4065 und
422 4012 543 4067 anderen
568 4011 674 4079 Gegan-
727 4009 781 4062 den
800 4007 899 4063 beiden
917 4008 972 4068 abl.
991 4007 1050 4064 aba.
1069 4007 1104 4061 ci.
1123 4022 1157 4060 eu
1176 4006 1209 4060 11.
1231 4009 1271 4059 ll.
1286 4010 1311 4063 5.

92 4102 209 4157 standan
229 4100 368 4155 rohmaon.
389 4130 421 4138 —
438 4116 524 4154 moes
541 4098 676 4153 desecet
730 4126 761 4135 -
780 4096 878 4165 sapere
895 4110 1054 4165 comparare
1067 4096 1141 4163 „sich
1154 4093 1312 4148 aurFluelrt

91 4190 184 4259 operia
207 4186 335 4258 „Schiiia
358 4187 461 4241 welche
483 4187 602 4252 dientem
625 4187 675 4241 des
727 4186 817 4240 bereit
834 4184 976 4240 machen“.
995 4184 1029 4241 ci.
1044 4184 1103 4237 Vll.
1122 4186 1165 4239 61.
1184 4182 1311 4250 aingem

94 4279 184 4333 Werk
196 4293 231 4331 au
244 4277 412 4331 aeratbren“.
427 4275 568 4330 Deiciendi
581 4275 675 4343 operis
728 4287 837 4342 parare.
862 4302 896 4315 -
921 4288 953 4326 oc
971 4273 1032 4341 idgt
1051 4272 1111 4327 dem
1130 4270 1311 4339 allgemeinon
