2934 4750
154 211 196 271 48
630 222 672 277 De
690 221 764 278 bello
782 222 898 278 Gallico.

206 381 295 427 muro
318 380 430 428 manus
453 364 635 443 tendebant,
660 381 735 429 suos
757 366 912 431 obtestari
935 369 969 429 et
991 382 1078 430 more
1101 364 1223 431 Gallico
1239 383 1375 447 passum

207 467 354 549 capillum
376 474 537 533 ostentare
560 468 740 550 liberosque
756 469 787 532 in
804 475 1010 551 conspectum
1026 468 1168 550 prolerre
1185 475 1369 551 coeperunt.

170 572 286 637 eilrat
308 573 461 639 Romanis
484 593 543 639 nec
566 571 644 639 loco·
657 594 717 639 nec
739 593 871 641 numero
895 593 997 656 aequa
1019 577 1198 654 contenti03
1220 575 1317 641 simul
1338 582 1378 640 et

206 697 301 746 cursu
331 685 369 743 et
394 680 497 760 spatio
524 698 650 762 pugnae
678 678 845 762 defatigati
877 696 939 745 non
972 679 1065 746 facile
1096 686 1242 746 recentes
1270 687 1370 763 atque

205 784 347 866 integros
370 786 581 851 sustinebant.
1183 794 1186 799 '

171 901 184 948 1
311 895 364 957 49.
403 889 533 971 Caesar,
558 908 628 955 cnm
652 890 760 971 iniquo
783 890 853 955 loeo
875 890 1012 972 pugnari
1034 890 1236 972 hostiumque
1258 893 1374 973 augeri
1448 897 1452 903 ’

97 982 101 989 ’
205 996 312 1076 copias
334 995 465 1074 videret,
489 1002 713 1077 praemetuens
736 997 803 1060 suis
826 996 868 1060 ad
891 996 927 1063 Τ.
950 994 1091 1062 Sextium
1108 996 1258 1079 legatum,
1275 1015 1371 1078 qoem

205 1102 377 1166 minoribus
411 1102 524 1166 castris
556 1101 714 1182 praesidio
746 1100 933 1183 reliquerat,
959 1103 1056 1182 misit,
1087 1109 1123 1167 nt
1155 1103 1300 1167 conones
1331 1122 1374 1173 ex

206 1207 319 1271 castris
343 1205 490 1271 celeriter
513 1208 663 1272 educeret
678 1213 718 1285 et
741 1207 802 1271 sub
824 1205 930 1271 infimo
954 1206 1033 1272 colle
1056 1209 1099 1272 ab
1129 1207 1240 1273 dextro
1266 1207 1376 1273 latere

168 1311 342 1377 ahostium
366 1313 581 1391 constitueret,
606 1316 650 1392 nt,
674 1313 701 1377 si
725 1320 851 1377 nostros
875 1312 944 1378 loco
969 1312 1119 1399 depulsos
1142 1313 1282 1392 vidisset,
1306 1326 1375 1395 qno

170 1419 308 1502 eminus
331 1417 429 1481 libere
456 1417 565 1483 hostes
596 1413 858 1499 insequerentur,
876 1423 1022 1485 terreret.
1069 1420 1142 1500 lpse
1173 1418 1300 1501 paulum
1332 1438 1371 1484 ex

204 1542 242 1589 eo
258 1523 327 1589 loco
345 1542 414 1588 eum
430 1523 555 1605 legione
570 1542 768 1606 progressus,
793 1525 849 1588 nbi
865 1526 1060 1601 constiterat,
1078 1530 1227 1589 eventurn
1241 1542 1374 1607 pugnae

205 1629 422 1711 exspectabat.

171 1751 184 1799 1
311 1740 361 1800 50.
401 1732 480 1799 Cum
505 1737 658 1799 acerrime
682 1736 857 1800 cornminus
880 1734 1218 1816 pugnaretur,-nosres
1240 1735 1311 1801 loco
1334 1742 1369 1799 et

205 1859 345 1919 numero,
368 1841 470 1906 nostri
491 1842 610 1905 uirtute
633 1839 836 1919 confiderent,
861 1841 967 1905 subito
990 1847 1066 1904 sunt
1089 1839 1215 1906 Haedui
1243 1841 1304 1905 visi
1328 1842 1373 1905 ab

204 1936 305 2012 latere
328 1947 444 2011 nostris
467 1951 588 2029 aperto,
613 1963 692 2026 quos
716 1945 835 2011 Caesar
858 1946 900 2009 ab
924 1946 1033 2011 dextra
1048 1952 1140 2027 porte
1156 1946 1218 2012 alio
1233 1964 1371 2011 ascensu

169 2068 316 2117 amanus
352 2052 550 2117 distinendae
582 2070 679 2117 causa
711 2053 852 2117 miserat.
898 2051 941 2114 lli
975 2051 1180 2116 similitudine
1208 2070 1369 2116 armorum

173 2188 177 2203 ·
204 2158 408 2223 vehementer
436 2166 561 2223 nostros
594 2163 845 2239 perterruerunt,
878 2176 916 2222 ao
943 2159 1071 2222 tametsi
1100 2158 1220 2222 dextris
1250 2159 1370 2221 umeris

205 2264 336 2329 exsertis
359 2263 700 2343 animadvertebantur,
725 2264 809 2344 quod
833 2264 955 2343 insigne
979 2268 1164 2342 pacatorum
1192 2281 1262 2327 esse
1295 2280 1371 2328 con·

205 2378 322 2449 suerat,
346 2375 454 2440 tamen
478 2370 511 2435 id
533 2370 637 2452 ipsum
660 2370 709 2434 sni
732 2368 864 2435 fallendi
887 2387 985 2434 cansa
1013 2369 1128 2434 milites
1155 2368 1196 2433 ab
1222 2366 1371 2434 hostibus

169 2476 322 2542 sfaetum
346 2476 582 2543 existimabant.
627 2476 748 2541 Eodem
771 2481 914 2557 tempore
937 2476 972 2540 L.
996 2474 1113 2540 Fabius
1130 2476 1282 2555 centurio,
1301 2477 1369 2557 qui·

204 2601 265 2664 qne
287 2600 349 2645 nna
372 2600 497 2646 murum
529 2582 748 2662 ascenderant,
781 2581 984 2647 circumvent-i
1013 2587 1110 2661 atque
1139 2579 1300 2646 interlecti
1329 2581 1371 2645 de

150 2837 285 2884 stratuum
301 2835 327 2882 et
340 2837 490 2894 temporum
499 2827 645 2880 sollicitam
653 2827 727 2879 ltali-
782 2825 908 2892 folgende
922 2826 1093 2880 Relatirsatz
1106 2827 1190 2892 zeigt;
1210 2827 1312 2879 nostris
1332 2827 1372 2879 ist

149 2914 727 2983 amhabebant,celeremetfacilemexitum

148 3006 310 3061 habuerunt.
338 3034 371 3042 —
392 3019 505 3070 mosum
523 3003 660 3070 capillum,
686 3003 728 3056 ein

148 3093 268 3147 Zeiohen
288 3093 335 3146 der
343 3090 549 3157 Verzweiflung,
564 3091 598 3145 cf.
613 3092 633 3144 l.
647 3093 690 3144 51.
704 3095 728 3144 3.

182 3185 208 3234 4.
228 3179 327 3247 spotia,
347 3178 457 3232 zeitlieh
477 3180 527 3232 wie
541 3179 637 3247 orrens,
657 3179 691 3234 cf.
706 3195 728 3232 c.

147 3273 191 3323 42.
213 3273 288 3322 1.—
308 3283 363 3320 noa
375 3265 463 3332 'facile
481 3290 514 3310 =
534 3283 623 3334 aegre.

182 3375 229 3429 te.
269 3378 291 3427 l.
309 3373 358 3426 sub
376 3373 467 3438 iraditio
485 3371 563 3436 colle,
582 3388 626 3425 arn
645 3372 729 3426 l'ulse

148 3462 196 3516 des
210 3461 452 3528 Gergoviaberges,
471 3476 514 3513 am
528 3460 668 3528 Eingange
682 3460 730 3514 der

148 3548 453 3616 ltlerdogne·8chlucht.
543 3618 545 3622 Δ

182 3660 207 3710 3.
222 3654 339 3722 paulum
365 3695 398 3711 ..
424 3669 509 3706 ,cum
536 3652 638 3720 lepioue
664 3667 729 3719 pro·

144 3759 267 3811 pressus,
293 3758 338 3794 um
360 3743 396 3794 im
414 3740 477 3795 Fall
502 3741 577 3795 eines
597 3741 729 3807 ungliiclr·

146 3831 234 3886 lichen
252 3833 397 3896 Ausgangs
416 3830 463 3884 des
476 3828 608 3896 Kampfes
627 3845 662 3882 an
682 3829 730 3882 der

147 3920 240 3987 Spitze
251 3919 299 3971 der
309 3918 428 3971 zehnten
438 3918 541 3983 Legion
552 3916 730 3983 dieSeinigen

146 4013 331 4064 untersti'utzen
349 4023 384 4060 zu
401 4006 518 4060 kdnnen.

784 2915 826 2967 eiu
847 2915 935 2967 llativ.
955 2914 1125 2967 incommodi.
1146 2943 1179 2952 —
1198 2929 1305 2980 munus,
1326 2915 1370 2968 die

782 3001 912 3069 Truppen
933 3002 980 3055 der
999 3002 1112 3055 Feinde.

818 3120 843 3169 2.
862 3115 1371 3182 similitudiueamorum,diesstdner

783 3203 878 3261 hatten
896 3203 1030 3270 gallische
1048 3203 1172 3270 Waffen,
1195 3220 1227 3259 so
1251 3204 1312 3258 dass
1338 3221 1369 3260 es

783 3290 911 3344 scheineu
940 3292 1064 3360 konute,
1092 3291 1152 3345 dass
1184 3292 1288 3346 Gallier
1318 3309 1370 3347 aus

784 3379 1137 3446 GergoviaeinenAngriff
1152 3379 1202 3433 auf
1220 3381 1262 3434 die
1282 3397 1367 3448 unge·

784 3467 882 3521 deckte
914 3467 1008 3521 reclute
1043 3467 1150 3521 Flanke
1183 3467 1233 3521 der
1266 3469 1369 3524 Rdmer

784 3556 920 3609 machten.
947 3584 977 3594 -
1003 3555 1109 3608 dextris
1127 3555 1227 3608 umeris
1244 3558 1369 3622 essenis,

784 3644 845 3697 Abl.
870 3644 1026 3710 qualitatis,
1055 3643 1173 3697 welcher
1197 3645 1266 3698 anch
1297 3646 1369 3699 ohne

783 3731 940 3798 Appellatio
968 3748 1017 3784 aur
1042 3731 1235 3799 pradikatiren
1255 3732 1369 3786 Bestim-

783 3836 867 3886 mung
885 3818 973 3886 dient,
991 3817 1026 3874 of.
1045 3835 1068 3872 o.
1087 3820 1130 3872 77.
1153 3821 1178 3872 3.
1198 3835 1223 3872 n.
1243 3820 1263 3873 l.
1283 3823 1327 3874 28.
1352 3824 1369 3874 5

784 3907 858 3974 quod
885 3907 996 3974 egregia
1023 3908 1124 3960 virtute
1148 3915 1228 3960 erant
1258 3909 1369 3976 cogniti.

708 4027 710 4032 ·
784 4025 819 4034 —
846 3995 961 4048 exsertis
989 3994 1166 4062 ,entlrldlst“.
1197 4022 1227 4032 ·-
1259 3995 1368 4064 insigne

181 4113 230 4167 504
267 4117 289 4165 l·
309 4111 433 4176 Haedui,
461 4111 496 4165 cf·
522 4129 544 4164 c·
568 4113 726 4165 45.·1o.-
780 4077 1368 4150 pacator-amdasgewtihnlicheMerkmal

146 4201 180 4253 ab
191 4201 273 4252 lutere
282 4200 385 4252 ruostris
396 4205 500 4267 aperto,
514 4200 541 4251 in
552 4200 600 4252 der
613 4200 727 4253 rechten

146 4288 252 4340 Flanke
272 4287 320 4340 der
341 4287 491 4354 Unsrigen,
513 4289 561 4340 wie
589 4289 658 4342 auch
679 4288 727 4341 der

783 4172 832 4225 der
850 4170 1090 4238 Bnndestrnppen.

817 4288 841 4339 3.
860 4292 968 4337 murum
986 4285 1176 4352 ascenderunt,
1195 4284 1230 4337 cl.
1248 4300 1273 4338 c.
1286 4289 1328 4339 47.
1343 4288 1381 4338 7.·
