2934 4750
573 271 675 331 Corum.
695 271 727 331 V.
747 275 861 330 56-58.
1286 264 1324 326 51

110 430 260 495 maguum
283 417 405 496 purtem
429 413 491 480 diei
514 413 685 496 consumit3
709 414 831 497 equites
855 414 920 481 tela
935 416 1095 482 coniciunt
1111 420 1143 481 et
1159 435 1275 500 magna

109 536 186 583 cum
208 519 403 586 contumelio
425 521 595 586 verborum
618 526 744 586 nostros
768 521 809 585 ud
833 539 970 603 pugnum
995 527 1138 588 evocent.
1182 521 1275 588 Nullo
1294 539 1310 591 3

109 623 154 689 ab
178 626 295 690 nostris
318 625 393 691 dcto
416 645 580 709 responso,
604 626 658 692 nbi
673 626 776 692 uisum
793 632 851 705 est,
874 628 933 693 sub
949 645 1117 710 vesperum
1141 627 1276 710 dispersi

108 747 149 794 ec
173 730 318 812 dissipati
341 731 518 800 discedunt.
564 731 675 798 Subito
698 731 857 798 Labienus
882 732 1004 798 duabus
1027 733 1127 815 portis
1151 751 1309 801 omuem4

108 834 288 916 equitatum
311 838 443 916 emittit;
474 837 749 921 praecipitatque
772 837 943 917 interdicit,
971 838 1152 921 proterritis
1175 838 1275 906 hosti·

109 942 171 1007 bus
210 946 306 1023 utque
339 944 371 1008 in
406 942 517 1026 iugem
551 943 702 1010 coniectis
737 979 775 992 —
808 943 893 1024 quod
931 942 1007 1024 iore,
1043 944 1126 1010 sicut
1160 945 1276 1010 accidit

113 1046 245 1112 videbat
268 1085 307 1095 -
332 1067 429 1113 unum
452 1067 560 1114 omnes
576 1054 723 1131 peterent
739 1049 998 1130 Indutiomarum,
1022 1068 1084 1115 neu
1099 1050 1168 1131 quis
1183 1067 1274 1132 quern

112 1152 203 1234 prins
219 1154 371 1235 vulneret,
395 1173 489 1236 quum
511 1153 601 1220 iilum
624 1153 823 1221 interiectum
839 1155 962 1233 viderit,
985 1155 1067 1236 quod
1091 1173 1180 1220 mora
1203 1155 1275 1220 reli·

110 1276 247 1340 quorum
271 1261 409 1343 spatium
433 1266 561 1326 nectum
576 1259 664 1325 illum
680 1258 821 1342 effugere
837 1261 977 1339 nolebat3
1000 1278 1116 1342 magne
1131 1260 1278 1342 proponit
1296 1279 1312 1330 5

110 1364 163 1444 iis,
187 1365 241 1446 qui
263 1365 444 1443 occiderint,
467 1367 624 1448 praemic3
656 1366 817 1432 submittit
844 1367 988 1432 cohortes
1016 1366 1174 1448 equitibus
1203 1365 1276 1430 sub·

110 1471 204 1536 sidio.
261 1468 453 1552 Comprobat
484 1472 618 1538 hominis
650 1472 815 1538 consilium
845 1471 980 1552 fortune,
1014 1477 1048 1538 et
1080 1488 1151 1538 cum
1181 1489 1313 1540 unumu

110 1593 222 1641 omncs
238 1580 394 1658 peterent,
418 1578 451 1641 in
472 1577 542 1660 ipso
558 1575 694 1643 fluminis
709 1577 792 1643 undo
816 1577 1030 1659 deprehensus
1046 1577 1280 1642 Indutiomarus

111 1680 311 1762 interficitur,
334 1687 494 1766 caputque
509 1684 578 1749 eius
593 1683 733 1750 refertur
754 1683 787 1748 in
809 1689 930 1760 cestre;
954 1683 1126 1748 redeuutes
1149 1683 1280 1763 equites,

110 1805 194 1869 quos
209 1793 352 1870 possunt,
369 1793 700 1872 consectanturntque
711 1790 865 1857 occidunt.
892 1788 962 1854 Hoc
972 1809 1007 1854 re
1023 1789 1152 1871 cognita
1167 1803 1275 1852 omncs
1295 1807 1310 1858 7

118 1892 303 1960 Eburonum
328 1899 361 1959 et
383 1893 579 1975 Nerviorum,
614 1913 695 1977 quae
720 1901 943 1976 convenerant,
977 1894 1087 1976 copiae
1110 1893 1278 1958 discedunt

117 1998 273 2080 pauloque
296 2000 409 2067 habuit
431 2007 504 2082 post
526 2002 560 2066 id
581 1999 710 2068 tactum.
725 2000 846 2067 Caesar
869 2002 1056 2083 quietiorem
1079 1999 1223 2067 Gallium.
1315 2037 1317 2044 ι

118 2141 222 2150 ————.

153 2211 178 2263 3.
196 2209 315 2278 dispersi
334 2208 368 2265 dc
386 2209 524 2278 dodoau,
544 2210 589 2265 dic
602 2210 698 2265 Abtei·
750 2211 794 2266 die
823 2210 994 2279 Verfolgung
1024 2209 1074 2264 der
1099 2208 1214 2277 dbrigen
1236 2221 1328 2262 vernn·

114 2298 216 2366 iungen
228 2299 319 2354 huben
329 2301 388 2355 sich
398 2300 498 2369 quidet,
509 2317 535 2355 u.
546 2299 697 2353 vereinceit
750 2299 852 2354 cuchen
870 2298 986 2365 muium,
1005 2299 1110 2352 konnte
1127 2295 1330 2352 Indutiomurus

112 2387 207 2443 huben
225 2389 285 2444 sich
304 2390 347 2445 die
360 2390 456 2445 Reiter
474 2388 545 2444 ncch
558 2388 696 2444 verschie·
750 2388 835 2443 leicht
853 2389 933 2444 einen
951 2388 1115 2457 Vorsprung
1132 2386 1284 2455 geuinnen.

112 2477 204 2531 denen
223 2476 397 2544 Richtuugen
415 2483 561 2531 ueretreut
785 2479 812 2533 6.
853 2476 1016 2545 comprobor
1061 2472 1260 2545 „noguusrigtt
1296 2500 1330 2511 -

152 2567 177 2618 4.
200 2564 341 2632 praecipit
371 2569 455 2634 atquc
480 2564 622 2618 interdicit
647 2580 696 2633 „er
750 2563 878 2630 bominis,
898 2564 1103 2633 enstettilliuo,
1122 2563 1156 2618 cf.
1176 2579 1199 2618 c.
1217 2566 1241 2617 7.
1260 2564 1331 2617 9.-

114 2652 177 2720 gibt
195 2651 248 2707 den
273 2667 449 2721 gemoseencu
474 2652 598 2709 Beiebl“.
641 2653 697 2707 Der
750 2650 860 2719 inipso
878 2651 1001 2718 staminio
1013 2651 1092 2717 oudo,
1111 2652 1195 2718 prode
1214 2650 1284 2705 noch
1302 2649 1329 2702 in

114 2756 169 2794 von
188 2740 287 2795 beiden
301 2741 385 2799 Verb.
397 2741 552 2809 cbhttngige
563 2740 626 2795 Satn
639 2745 697 2797 ent·
752 2738 800 2793 der
818 2738 889 2794 Furt
909 2740 956 2794 des
969 2738 1098 2802 Flusrem
1118 2754 1147 2793 cs
1159 2736 1244 2791 fehlte
1257 2735 1330 2790 dem·

114 2827 556 2895 hulteinGeheissu.einVerbot;
569 2834 698 2898 peterent
750 2826 820 2881 noch
838 2826 914 2882 nicht
931 2826 998 2895 vici,
1023 2826 1094 2882 donn
1118 2832 1191 2880 utre
1209 2822 1331 2877 Indutio-

113 2919 166 2972 hnt
174 2916 227 2971 eui
236 2923 365 2985 creberet,
380 2933 432 2973 nen
447 2917 508 2985 quis
574 2917 698 2973 vulneret
751 2922 843 2969 murus
857 2915 1040 2969 entkommen.
1053 2914 1110 2969 Der
1120 2912 1198 2967 Fluss
1211 2912 1248 2965 ist
1260 2910 1332 2965 nach

113 3005 166 3061 aui
188 3004 320 3060 letzteree
344 3005 446 3072 Benug.
472 3034 507 3044 -
530 3019 610 3059 moro
634 3004 696 3059 reli·
752 3000 1332 3070 denneuestenForschnngenwuhrschein-

111 3108 244 3162 quorum,
264 3092 351 3147 durch
370 3092 423 3148 den
442 3092 559 3162 Verrug,
578 3092 697 3149 welchen
752 3090 807 3147 lich
826 3090 869 3145 die
889 3090 1004 3160 Semois,
1023 3088 1057 3145 ci.
1076 3105 1111 3145 nu
1130 3106 1153 3145 c.
1172 3091 1215 3144 24.
1233 3093 1260 3143 2.
