2934 4750
169 165 210 225 42
643 176 685 230 lie
702 173 776 229 bello
795 175 909 232 Gallico.

189 331 201 379 1
314 323 362 381 19.
386 315 507 384 Caesar
530 335 648 398 pancos
669 318 738 394 dieu
760 317 793 380 in
813 335 921 382 eorum
945 315 1059 382 finibus
1083 324 1224 384 moratus
1239 319 1388 382 omnibus

222 422 299 491 vicis
330 421 541 505 aedificiisque
572 423 708 488 incensis
743 421 971 502 frumentisque
1006 425 1137 490 succisis
1172 442 1206 489 se
1240 424 1273 488 in
1308 422 1387 487 fines

221 527 375 594 Ubiorum
397 529 518 610 recepit
533 536 630 610 atoue
644 529 683 595 iis
702 528 851 595 auxilinm
869 546 960 592 sunm
976 529 1145 609 pollicitus,
1169 531 1196 595 si
1216 530 1256 595 ab
1272 529 1390 594 Suebis
1462 601 1463 606 ἵ

186 641 448 716 apremereotnr,
481 634 561 700 baec
590 635 632 702 ab
661 635 699 699 iis
729 634 892 715 cognovit:
927 632 1058 712 Suebos,
1089 643 1299 716 posteaquam
1333 653 1390 715 per

222 739 439 821 exploratores
454 747 583 820 pontem
598 738 666 804 lieri
682 739 922 822 comperissent,
947 757 1034 806 more
1053 758 1114 805 sno
1129 741 1260 806 concilio
1278 739 1389 805 habito

222 844 349 909 nuntios
372 845 404 908 in
427 862 536 909 omnes
558 850 666 926 partes
689 845 856 923 diminitum,
882 845 927 910 uti
951 844 991 908 de
1014 845 1137 926 oppidis
1160 847 1389 928 demigrarent,

221 949 347 1028 liberos,
372 967 485 1014 uxores
508 968 629 1032 suaque
650 951 758 1018 omnia
772 952 804 1015 in
820 949 908 1016 silvis
925 949 1130 1032 deponerent,
1153 957 1249 1032 atque
1265 969 1388 1030 omues,
1462 935 1463 946 ³

187 1071 203 1120 3
221 1057 275 1137 qni
297 1074 387 1121 arma
409 1055 493 1121 ferre
516 1064 656 1137 possent,
682 1076 777 1121 unum
802 1056 953 1122 inlocum
971 1058 1188 1122 convenirent:
1212 1057 1299 1122 hnnc
1318 1075 1390 1122 esse

222 1161 379 1229 delectum
401 1161 539 1226 medium
563 1160 629 1228 iere
652 1164 816 1244 regionum
839 1180 959 1238 eorum,
982 1179 1061 1244 quas
1077 1162 1172 1227 Suebi
1192 1163 1389 1240 obtinerent;

221 1267 273 1332 bic
294 1268 508 1334 Romanorum
539 1269 709 1333 adventum
733 1276 916 1350 exspectare
940 1272 1036 1348 atque
1059 1269 1101 1332 ibi
1125 1269 1289 1334 decertare
1313 1286 1388 1333 con·

186 1375 374 1442 retinuisse.
420 1373 512 1451 ouon
541 1375 594 1438 ubi
617 1371 738 1438 Caesar
766 1374 926 1455 coroperit
959 1373 1103 1440 omnibus
1133 1375 1228 1438 rebus
1252 1375 1291 1440 iis
1316 1393 1389 1438 oon·

222 1479 321 1558 lectis,
352 1496 487 1560 quorum
516 1497 623 1544 rernm
651 1497 749 1544 cansa
777 1480 947 1544 traducere
971 1481 1142 1547 exercitum
1165 1480 1388 1559 constituerat,

223 1592 259 1648 ut
286 1583 453 1648 Germanis
483 1591 601 1650 metum
632 1585 774 1664 iniceret,
809 1590 845 1648 ut
875 1584 1067 1666 Sugambros
1099 1585 1319 1665 ulcisceretur,
1352 1591 1389 1649 ut

222 1690 322 1757 Ubios
350 1691 514 1756 obsidione
536 1690 696 1770 liberaret,
727 1690 839 1756 diebus
863 1693 989 1756 omnino
1013 1691 1121 1756 decem
1144 1697 1176 1756 st
1200 1697 1273 1756 octo
1298 1700 1388 1756 trans

223 1796 366 1862 Rhenum
391 1797 593 1876 consumptio,
626 1797 705 1861 satis
728 1805 762 1862 et
785 1797 826 1862 od
849 1796 974 1861 laudem
998 1797 1096 1860 etad
1119 1795 1291 1860 utilitatem
1315 1816 1387 1880 pro-

222 1900 341 1968 iectum
364 1902 541 1968 arbitratus
564 1920 598 1968 se
621 1903 652 1965 in
676 1901 814 1968 Galliam
837 1903 958 1984 recepit
980 1912 1170 1983 pontemque
1193 1903 1336 1969 rescidit.
1462 1895 1463 1902 '

189 2025 202 2070 1
311 2013 362 2076 20.
387 2007 511 2089 Exigua
533 2016 627 2090 parte
647 2009 781 2074 aestatis
804 2008 927 2089 reliqna
943 2007 1071 2087 Caesar,
1095 2009 1156 2072 etsi
1178 2008 1210 2072 in
1232 2007 1385 2086 blaineis,

221 2114 306 2196 qnod
329 2115 430 2178 omnis
452 2113 557 2180 Gallia
580 2115 621 2177 ad
644 2115 875 2195 septentriones
898 2115 1012 2196 vergit,
1042 2119 1187 2178 matrinae
1214 2121 1292 2179 suut
1323 2113 1386 2178 bie·

223 2238 299 2300 mes,
332 2225 438 2284 tamen
467 2221 499 2284 in
521 2219 717 2285 Britanniam
751 2219 908 2304 proticisci
932 2220 1102 2300 contendit,
1133 2218 1217 2300 quod
1241 2219 1385 2283 omnibus

170 2481 276 2550 Begriif
291 2482 510 2550 insolitudiriem
529 2482 582 2537 den
602 2484 749 2551 speaiellen
805 2483 893 2538 denen
924 2482 1072 2537 Absichtou
1104 2482 1205 2537 Sisara
1236 2480 1384 2536 besonders

170 2571 196 2623 iu
216 2569 300 2625 silvas
319 2570 410 2627 hinnu.
805 2571 1003 2627 bervorheben.
1022 2598 1056 2611 -
1075 2567 1215 2623 obsidione
1230 2568 1384 2637 „bodriun-

142 2692 173 2715 κ
205 2657 251 2713 19.
288 2662 312 2712 1.
330 2658 527 2727 fumantiaque
545 2660 665 2713 sacciob.
692 2660 750 2715 Das
804 2660 873 2714 nis“.
894 2688 925 2699 ·-
941 2658 1095 2727 profectum
1115 2656 1254 2725 ,eraielt“.
1269 2686 1304 2697 -
1317 2653 1386 2710 seio

171 2746 300 2801 Getreide
319 2746 414 2800 wurde
431 2746 566 2801 demuach
584 2748 748 2812 vernicbtet;
805 2746 926 2801 Galliam
942 2747 1052 2813 recepto.
1085 2746 1140 2801 Der
1158 2760 1244 2813 gausa
1263 2744 1385 2806 Feldaug

167 2834 242 2909 deon
265 2852 326 2890 anm
346 2835 489 2891 Gebraucb
508 2836 619 2890 worden
638 2853 690 2891 nur
707 2836 752 2891 die
804 2852 861 2890 war
891 2851 943 2889 nur
973 2834 1034 2889 eine
1058 2834 1329 2900 Rekognoszierung,
1349 2831 1385 2883 im

170 2915 265 2979 dhreo
282 2940 334 2979 von
347 2924 399 2978 deu
412 2924 529 2979 Holmon
541 2924 751 2993 abgescbnitteu
804 2923 990 2991 grossartigen
1002 2922 1170 2990 Maisatabe3
1187 2922 1217 2977 c.
1232 2922 1316 2977 sucht
1328 2934 1384 2973 ver·

170 3013 280 3068 worden
299 3014 368 3070 sein.
804 3012 913 3079 geblich
943 3012 991 3066 ibn
1021 3010 1063 3067 als
1095 3009 1262 3077 oriolgreicb
1291 3010 1385 3064 binau-

206 3104 231 3155 2.
249 3100 444 3167 dimisissent.
461 3101 493 3155 lu
506 3101 753 3157 mitto-ondsoiucn
805 3099 949 3155 sustellen.

173 3190 331 3257 Composita
354 3188 423 3256 liegt
447 3189 489 3244 oit
514 3189 562 3249 (lor
581 3188 687 3257 Begriii
704 3189 753 3245 deo

171 3276 296 3331 Meldeus
315 3275 568 3345 odertuttragens,
587 3278 642 3332 und
658 3277 752 3332 rodn-
821 3324 825 3341 ,
981 3259 1058 3343 Kap.
1082 3259 1119 3325 20
1128 3296 1156 3305 -·
1164 3260 1210 3324 36.

171 3366 225 3420 den
243 3363 754 3435 sicbdarmcballelionstrnlrtiouen‚
800 3395 812 3419 s
860 3380 962 3438 cm
979 3381 1073 3436 omer
1088 3362 1244 3445 liberm
1260 3377 1334 3435 nach

171 3452 275 3509 welche
297 3452 368 3507 uach
392 3451 551 3519 derartigen
571 3452 653 3507 Verb.
672 3460 751 3509 stott-
1004 3466 1186 3523 monumen.

130 3579 133 3584 ’
171 3541 260 3595 haben
277 3540 398 3597 kb'men·
800 3584 804 3593 ¹
830 3572 903 3627 Καρ.
915 3572 1020 3619 20-22.
1048 3572 1296 3626 Konaentrternng
1309 3570 1360 3616 dor

206 3632 231 3683 3.
255 3628 328 3681 burro
352 3627 412 3697 ,ala
435 3626 575 3694 solebeu“,
600 3628 752 3697 pridikati·
1023 3626 1167 3681 droppen.

171 3714 424 3771 visen-medium
431 3714 490 3780 fere
498 3714 640 3783 reqionum
648 3731 753 3781 eoram,
841 3714 888 3771 20.
914 3720 938 3775 1.
958 3714 1077 3783 Emona
1090 3720 1174 3783 porte
1192 3714 1306 3769 amomis
1322 3709 1382 3771 teli·

171 3807 250 3860 einen
275 3805 313 3861 in,
328 3804 376 3857 der
394 3803 474 3857 Mitte
499 3801 547 3858 dos
565 3819 672 3872 mosen
689 3819 751 3859 aue·
807 3820 869 3873 qno.
896 3804 935 3859 Es
954 3820 1009 3859 war
1027 3804 1163 3872 ungefbbr
1183 3820 1227 3857 um
1245 3801 1289 3856 die
1308 3801 1384 3855 Mitte

171 3893 286 3950 bisobnu
304 3891 424 3954 Laudem
443 3892 584 3960 regionum
603 3907 698 3948 earum
715 3894 755 3949 ist
808 3893 933 3947 deanli.
962 3894 1018 3947 Der
1037 3892 1089 3947 abl.
1107 3893 1165 3947 abs.
1184 3888 1382 3947 stebtimkon·

172 3981 304 4037 ‹lernnaoh
321 3988 411 4047 genet.
430 3987 501 4048 part
806 3981 932 4037 zesmvon
955 3980 1047 4039 Sinne.
1071 4008 1106 4019 -
1130 3977 1168 4032 orl
1190 3978 1384 4047 septentrione

207 4074 232 4125 4.
250 4074 282 4122 ot
296 4109 303 4123 .
319 4108 326 4123 .
345 4068 485 4134 ‚loriceret
504 4073 557 4123 at.
574 4108 601 4123 ..
616 4068 753 4124 liberaret.
807 4068 842 4125 ci.
861 4068 882 4123 Ι.
903 4070 943 4123 16.
963 4072 980 4123 2
999 4067 1073 4136 qnod
1091 4066 1182 4123 Gallia
1200 4067 1251 4121 snb
1270 4072 1381 4135 septen-

173 4158 225 4212 Die
250 4157 402 4226 Anupboru
426 4156 475 4211 deu
499 4164 531 4210 ut
556 4174 606 4213 vor
629 4158 682 4211 den
705 4174 752 4211 ex·
807 4157 941 4211 trionibus
961 4157 1049 4225 posita
1067 4162 1119 4210 est.
1136 4184 1170 4195 -
1190 4155 1313 4209 omnibus
1327 4151 1383 4218 scre

172 4246 324 4315 plibotiven
348 4247 448 4301 Sttzen
474 4246 528 4301 soll
553 4244 598 4300 die
616 4245 752 4301 verschie·
807 4244 924 4300 (iudicis
946 4243 1028 4299 benis
1064 4244 1123 4299 Nur
1146 4244 1195 4297 111.
1218 4245 1244 4301 9.
1267 4244 1300 4297 10
1316 4233 1380 4293 uird
