2934 4750
94 166 97 170 ⁴
155 151 196 208 14
624 161 664 213 De
683 159 756 214 bello
775 159 880 214 Gallico

206 303 340 382 primum
356 300 453 366 allato
468 301 578 366 nuntio
595 300 634 366 de
650 301 887 384 oppugnatione
897 300 1136 380 Vellaunoduni,
1155 318 1228 366 cum
1244 301 1365 382 longius

206 425 275 472 eam
298 425 366 470 rem
397 405 527 471 ductum
555 407 595 472 iri
623 407 852 486 existimarent,
881 407 1073 490 praesidium
1104 404 1225 472 Cenabi
1258 408 1365 472 tuendi

207 529 310 589 causa
334 512 480 592 quodeo
502 513 675 591 mitterent,
705 512 945 593 comparabant.
990 512 1061 576 Huc
1089 511 1185 576 biduo
1213 513 1379 593 pervenit.-

170 629 186 679 o
206 615 328 681 Castris
351 624 426 696 ante
448 617 598 699 oppidum
622 618 735 698 positis
759 617 820 683 diei
836 623 980 700 tempore
996 617 1142 682 exclusus
1157 619 1190 682 in
1205 623 1366 698 posterum

205 722 474 805 oppugnationem
498 721 612 800 differt,
636 723 843 804 quaeque'ad
860 739 930 788 earn
947 741 1012 787 rem
1029 723 1101 787 usui
1116 723 1192 801 sint,
1214 722 1367 786 militibus

170 840 187 891 6
206 828 342 910 imperat
364 832 406 905 et,
430 827 514 908 quod
537 827 685 908 oppidum
710 825 872 892 Cenabum
896 845 976 908 pons
1000 825 1136 892 fluminis
1151 827 1282 908 Ligeris
1295 846 1366 892 con-

206 933 360 1014 tingebat,
383 934 513 1013 veritus,
536 952 577 997 ne
594 942 692 997 nocto
707 951 746 996 ex
762 933 878 1014 oppido
895 929 1107 1015 profugerent,
1131 933 1212 998 duas
1228 932 1366 1014 legiones

124 1092 133 1106 .
171 1039 238 1102 7in
261 1038 358 1110 armis
382 1037 539 1102 excubare
561 1037 659 1104 iubet.
706 1036 908 1103 Cenabenses
931 1038 1026 1119 paulo
1049 1036 1124 1102 aute
1140 1037 1277 1102 mediam
1295 1056 1367 1102 noc-

170 1151 271 1206 stenr
294 1142 421 1208 silentio
444 1162 482 1206 ex
504 1143 619 1224 oppido
642 1144 762 1223 egressi
785 1141 903 1208 flunren
926 1143 1062 1207 transire
1085 1149 1267 1224 coeperunt.
1298 1142 1368 1220 Qua

207 1266 242 1312 re
265 1266 322 1328 per
345 1248 562 1329 exploratores
586 1249 730 1313 nuntiata
758 1247 877 1313 Caesar
909 1248 1060 1330 legiones,
1091 1266 1171 1328 quas
1203 1249 1368 1329 expeditas

207 1371 277 1417 esse
300 1353 447 1434 iusserat,
469 1355 572 1434 portis
601 1355 737 1418 incensis
766 1354 950 1418 intromittit
978 1360 1073 1434 atque
1105 1353 1220 1435 oppido
1247 1355 1370 1435 potitur

206 1458 376 1539 perpaucis
399 1477 439 1522 ex
461 1459 599 1548 bostium
624 1476 754 1524 numero
771 1454 978 1537 desideratis,
1003 1459 1078 1539 quin
1095 1460 1202 1524 cuncti
1218 1478 1368 1540 caperen-

208 1570 269 1643 tur,
293 1563 378 1644 qnod
402 1565 506 1645 pontis
529 1569 625 1645 atque
647 1565 796 1628 itinerum
824 1564 994 1644 angustiae·
1020 1563 1231 1640 multitudinis
1259 1563 1368 1646 fugam

171 1682 188 1733 9
206 1669 457 1734 intercluserant.
503 1669 663 1750 Oppidum
680 1669 789 1750 diripit
803 1675 899 1751 atque
915 1669 1065 1746 incendit,
1089 1669 1242 1750 praedam
1259 1669 1368 1733 militi-

208 1775 266 1841 bus
289 1774 396 1867 donat,
410 1775 592 1862 exereitum
617 1776 755 1857 Ligerim
771 1775 911 1839 traducit
926 1780 1021 1855 atque
1038 1775 1070 1839 iu
1093 1775 1272 1856 Biturigum
1289 1773 1367 1840 fines

157 1896 161 1904 “
207 1882 359 1961 pervenit.
995 1947 997 1952 ,

175 1997 186 2044 1
218 2059 225 2072 .
316 1991 365 2052 12.
406 1985 655 2066 Vercingetorix,
694 1985 750 2049 ubi
783 1985 822 2048 de
857 1984 1002 2050 Caesaris
1035 1985 1175 2049 adventu
1209 1985 1364 2066 cognorit,

172 2091 444 2174 2oppugnatione
467 2091 590 2155 destitit
614 2096 711 2171 utque
734 2091 860 2164 obviarn
884 2089 1015 2155 (laesuri
1045 2088 1266 2170 proficiscitur.
1312 2091 1367 2156 Ille
1448 2166 1449 2173 ἵ

208 2197 358 2276 oppidum
394 2197 590 2277 Biturigum.
613 2198 750 2278 positum
785 2197 818 2260 in
849 2196 900 2260 via
930 2195 1150 2261 Noviodunum
1183 2214 1367 2278 oppugnare

173 2310 189 2359 3
208 2302 401 2368 instituerat.
447 2301 515 2379 Quo
532 2321 570 2366 ex
586 2303 700 2385 oppido
717 2321 787 2367 curn
804 2302 904 2384 legati
921 2302 1042 2366 adeum
1054 2302 1216 2366 venissent
1232 2307 1366 2377 oratum,

105 2444 107 2450 -
208 2413 244 2470 ut
266 2408 326 2471 sibi
349 2408 528 2489 ignosceret
550 2426 689 2488 suaeque
713 2409 797 2472 vitae
821 2408 1007 2487 consuleret,
1039 2414 1074 2471 ut
1102 2408 1267 2483 celeritate
1295 2409 1367 2473 reli·
1449 2436 1450 2467 1

207 2521 286 2593 quas
309 2531 360 2577 res
377 2512 552 2591 conficeret,
576 2531 638 2593 qua
655 2513 805 2594 pleraque
821 2518 890 2578 erat
905 2520 1100 2594 consecutus,
1122 2532 1211 2578 arma
1223 2512 1371 2590 conferri,
1449 2556 1450 2563 .

172 2623 190 2671 4
210 2636 307 2699 equos
330 2617 471 2699 produci,
495 2618 619 2684 obsides
642 2618 712 2682 dari
735 2619 832 2684 iubet.
881 2618 975 2683 Parte
1000 2619 1063 2683 iarn
1080 2618 1223 2683 obsidum
1239 2619 1369 2696 tradita,

190 2900 215 2949 5.
234 2896 290 2949 diei
316 2903 432 2964 tempore
460 2898 593 2965 ecclesus,
613 2898 673 2951 seii.
700 2898 735 2951 ab
789 2898 941 2966 Legionem
969 2898 1070 2953 welche
1088 2904 1169 2953 unter
1187 2898 1241 2953 den
1259 2898 1368 2953 Waffen

155 2985 372 3052 oppugnatione,
399 2985 434 3039 ef.
454 2986 485 3039 V.
505 2989 548 3041 23.
574 2990 591 3039 b
614 3002 649 3040 ue
672 2986 736 3039 unni
788 2986 1369 3053 11111111111111111-111111111111111-

156 3080 281 3139 tempore
299 3088 316 3125 a
334 3073 510 3141 navigatione
533 3074 736 3128 excluderetur.
788 3074 871 3145 stium
889 3079 1001 3127 numero
1020 3074 1198 3140 desideratio,
1229 3074 1297 3148 quin
1315 3083 1368 3129 etc.

155 3190 189 3200 -
215 3176 339 3227 quaeque
363 3161 482 3223 adeam
505 3177 561 3214 rem
588 3162 737 3228 asui'siat,
794 3163 848 3215 Der
867 3162 1039 3230 peradnliebe
1059 3162 1205 3217 Ausdruek
1223 3164 1367 3231 perpaucis

155 3249 201 3302 ein
213 3249 366 3310 indirekter
378 3241 536 3315 Fragesatz,
549 3250 666 3304 weleber
678 3250 737 3304 sich
792 3291 797 3303 .
814 3291 819 3304 .
835 3296 840 3305 .
856 3250 1018 3305 desideratis
1037 3250 1194 3318 entspriebt
1206 3266 1294 3318 genau
1307 3250 1367 3305 dem

154 3335 277 3403 htrrtiger
294 3336 365 3389 nueb
388 3338 523 3403 imperare
542 3360 576 3383 ·=
596 3354 735 3405 exponere
789 3339 1018 3407 unpersbnlieheu
1031 3338 1143 3407 paulum
1156 3340 1235 3393 abest
1251 3338 1307 3393 und
1318 3338 1369 3391 hat

155 3434 184 3478 et
202 3425 338 3492 imperare
350 3422 443 3491 findet,
462 3422 497 3477 ef.
516 3441 538 3478 e.
559 3423 599 3478 16.
619 3430 672 3480 21,
691 3429 734 3483 31.
789 3426 903 3481 deshalb
927 3426 1082 3493 gleiebfalls
1100 3427 1168 3494 quia
1195 3426 1266 3479 nach
1295 3426 1384 3488 sich,-

155 3515 173 3565 4
191 3528 218 3565 u.
236 3518 264 3588 1.Ι
789 3530 818 3568 11
838 3514 944 3567 fehlten
963 3530 1015 3567 nur
1033 3516 1146 3581 wenige,
1166 3513 1226 3567 duis
1245 3519 1296 3567 etc.

191 3602 217 3656 6.
231 3615 304 3665 pons
324 3641 330 3653 .
349 3600 567 3667 ..contingebat
586 3601 635 3655 das
651 3602 751 3656 Verb.
824 3600 867 3656 12.
889 3608 912 3655 1.
930 3602 1142 3668 oppugnatione,
1156 3600 1216 3655 scil.
1230 3600 1278 3656 der
1289 3599 1367 3655 Stadt

155 3687 241 3741 findet
261 3688 321 3741 sich
340 3686 428 3741 bfters
451 3690 505 3741 'von
523 3688 599 3742 einer
620 3689 736 3743 Verbin·
790 3689 954 3756 Gorgobina.
982 3718 1015 3727 -
1044 3688 1174 3743 destitit.
1199 3729 1206 3743 .
1232 3728 1238 3742 .
1259 3688 1368 3756 profici-

63 3779 66 3783 '
158 3774 734 3843 11111111111111111111,11111112
788 3775 1368 3843 111111,11)111111111111111111111111-
1447 3804 1448 3843 3

155 3869 262 3931 partem
285 3862 408 3917 ultimam
426 3865 534 3931 pontis,
569 3878 641 3932 quae
659 3866 736 3933 ripas
789 3864 1042 3932 parentets.
1200 3898 1203 3904 -

155 3952 290 4006 Ubiorum
325 3951 512 4017 contingebat.
566 3953 619 4007 Die
656 3952 736 4007 Stadt
825 3956 850 4005 2.
870 3951 923 4005 Ille
948 3951 1055 4007 beuieht
1073 3951 1132 4005 sich
1154 3950 1313 4007 11101111.
1331 3981 1366 3990 —

156 4039 294 4101 Cenabum
304 4039 349 4107 lug
359 4039 490 4095 demnaeh
500 4057 534 4095 an
545 4040 736 4095 beidenUfern
791 4039 986 4095 Nouiodunum
1024 4040 1062 4105 (N
1064 4027 1135 4093 ouen
1148 4039 1196 4093 -le
1210 4068 1220 4081 ·
1233 4040 1367 4105 Fuzelier,

157 4128 204 4182 dea
223 4127 316 4195 Liger.
791 4127 959 4196 Hauptstadt
987 4121 1037 4181 der:
1074 4127 1226 4194 Bituriger,
1264 4128 1365 4183 sddlieb

191 4219 217 4272 8.
244 4216 402 4283 expeditas,
440 4215 485 4272 die
521 4214 737 4283 aehlaglertigen
789 4232 842 4273 von
860 4216 1007 4271 Cenabum.
1056 4230 1058 4234 ⁴
