2934 4750
564 229 623 282 nra.
642 229 690 284 iv.
727 233 804 285 s-o.
1249 221 1289 281 31

71 367 193 434 flumen
221 371 419 435 transierunt
450 379 545 452 atque
574 371 720 436 omnibus
750 389 858 436 eorum
891 371 1040 438 aedificiis
1075 375 1237 455 occupatis

71 475 378 558 reliquampartem
402 476 512 540 hiemis
536 495 702 542 saeorum
726 478 824 558 copiis
847 477 1003 543 aluerunt.

164 587 197 649 5.
220 582 278 648 His
302 583 340 646 de
362 582 458 647 rebus
473 580 592 647 Caesar
614 583 730 648 certior
752 581 856 649 iactus
879 589 912 648 et
934 583 1147 649 infirmitatem
1162 584 1270 650 Gal-1

72 689 177 752 lorum
199 692 327 766 veritus
353 689 435 769 qood
459 695 534 752 sunt
556 688 590 752 io
613 688 752 753 consiliis
776 689 937 770 capiendis
954 689 1084 755 mobiles
1100 695 1132 755 et
1148 691 1237 755 novis

71 795 262 877 plerumque
291 795 388 860 rebus
410 794 549 872 student,
581 794 658 859 nihil
682 794 731 859 bis
755 795 1010 860 committendum
1034 795 1236 862 existimavit.

72 900 133 964 Est
148 901 233 965 enirn
249 901 309 966 boc
321 900 465 965 Gallicae
476 901 723 982 consuetudinis,
742 901 789 965 uti
808 907 841 966 et
858 902 994 966 viatores
1010 901 1104 966 etiam
1121 902 1237 968 invitos
1256 913 1272 964 2

72 1008 246 1072 consistere
270 1015 385 1089 cogant
409 1013 448 1082 et,
472 1006 548 1088 quid
570 1007 703 1088 quisque
726 1025 836 1071 eorum
856 1007 895 1071 de
909 992 1034 1089 quaque
1048 1025 1084 1072 re
1101 1007 1238 1072 audierit

72 1118 128 1177 eut
143 1114 336 1192 cognoverit,
354 1119 517 1195 quaerant,
533 1119 565 1176 et
580 1117 773 1178 mercatores
787 1113 820 1176 in
837 1113 961 1194 oppidis
977 1111 1090 1194 vulgus
1106 1111 1237 1177 circum-

73 1220 166 1284 sistat
195 1221 370 1300 quibusque
400 1239 438 1284 cx
460 1218 642 1300 regionibus
666 1219 794 1282 veniant
817 1236 958 1300 quasque
981 1217 1025 1282 ibi
1048 1237 1099 1283 res
1123 1236 1236 1300 cogno·

73 1327 192 1403 verint,
204 1316 409 1406 pronuntiare
424 1330 548 1404 cogant.
571 1324 629 1388 His
645 1324 742 1389 rebus
758 1332 855 1405 atque
871 1324 1086 1388 auditionibus
1102 1325 1237 1405 permoti
1255 1334 1272 1385 s

74 1429 112 1494 de
135 1431 267 1496 summis
290 1449 386 1512 saepe
407 1430 504 1495 rebus
526 1429 657 1495 consilio
679 1431 799 1510 ineunt,
823 1448 956 1511 quorum
980 1447 1035 1494 eos
1054 1431 1085 1494 in
1101 1430 1236 1512 vestigio

52 1538 238 1616 ,poenitere
260 1554 390 1602 necesse
412 1549 469 1614 est,
495 1555 565 1602 cum
588 1536 717 1602 incertis
741 1536 920 1600 rumoribus
936 1535 1076 1601 servient
1092 1541 1125 1601 et
1141 1535 1236 1617 pleri-

77 1660 135 1722 que
155 1643 197 1708 ad
221 1643 416 1708 voluntatem
440 1660 548 1708 eorum
571 1642 646 1708 licta
668 1641 891 1724 respondeant.

162 1753 190 1816 6.
228 1748 298 1826 Qua
329 1749 557 1814 consuetudine
587 1750 714 1830 cognita
744 1744 878 1826 Caesar,
902 1765 953 1836 ¹ne
985 1747 1123 1828 graviori
1152 1747 1269 1814 belloi

81 1860 264 1932 occurreret,
289 1855 454 1931 mutunus,
478 1871 574 1935 quam
598 1860 775 1932 consuerat,
805 1854 846 1918 ad
870 1853 1041 1918 exercitum
1065 1851 1236 1934 proficisci·

82 1961 140 2025 tor.
164 1959 206 2024 lio
224 1979 294 2025 cum
314 1961 460 2038 venisset,
478 1979 524 2034 ea,
541 1977 624 2040 quae
640 1958 708 2024 lore
723 1959 902 2040 suspicatus
918 1965 997 2037 erat,
1020 1957 1105 2023 lacta
1120 1976 1236 2040 cogno·
1254 1969 1272 2018 2

81 2062 137 2128 uit:
159 2069 272 2132 missas
296 2066 471 2147 legationes
493 2066 533 2130 ab
556 2065 716 2130 nonnullis
740 2065 919 2129 civitatibus
937 2064 976 2128 od
992 2064 1167 2129 Germanos
1190 2065 1237 2129 in·
1255 2076 1271 2126 3

79 2169 252 2253 citatosque
286 2191 356 2251 eos,
391 2171 438 2236 uti
470 2171 512 2237 ab
543 2171 653 2236 Rheno
688 2171 902 2244 discederent,
937 2170 1120 2250 omniaque,
1155 2189 1236 2251 quae

77 2278 302 2356 postulassent,
335 2279 376 2342 ab
408 2295 443 2342 se
473 2275 542 2342 iore
571 2285 695 2358 parata.
742 2277 812 2354 Qua
841 2295 897 2358 spe
926 2275 1056 2341 adducti
1088 2274 1272 2342 Germanis

76 2380 168 2446 latius
196 2384 398 2465 vagabantur
425 2391 458 2448 et
488 2385 519 2448 in
542 2381 620 2448 fines
646 2382 829 2447 Eburonum
853 2388 886 2447 et
908 2379 1152 2463 Condrusorum,
1183 2384 1237 2465 qui

39 2603 67 2637 f
76 2623 217 2678 ch.5u.
232 2627 259 2673 6.
291 2626 539 2681 vorbareitungan
557 2626 656 2673 onam
710 2610 898 2678 Vereinigung
917 2608 978 2665 der
1007 2608 1112 2663 Gallier
1141 2608 1196 2663 und
1224 2610 1293 2665 (lero

267 2697 459 2776 ¹1²quin
708 2714 808 2751 marren
831 2696 876 2751 fiir
899 2696 946 2750 ibn
965 2696 1109 2751 entstehen
1129 2698 1227 2752 wdrde.
1256 2726 1290 2737 -

69 2822 83 2838 .
109 2782 138 2839 b.
183 2791 205 2845 1.
242 2785 444 2853 infirmitatem,
490 2788 655 2843 moraliscbe
708 2786 747 2840 nd
764 2786 910 2840 concitum
924 2784 1121 2852 proficiscitur.
1143 2786 1196 2839 llas
1215 2785 1291 2840 Ileer

77 2868 232 2941 Schwicbe,
253 2874 465 2942 „Wanlrelmut“
485 2874 519 2930 ef.
536 2892 559 2933 c.
575 2879 615 2929 ls.
629 2878 654 2928 3.
708 2874 906 2928 iabsrwinterte
919 2874 954 2926 im
966 2872 1080 2927 Gebiete
1097 2872 1145 2927 der
1157 2872 1290 2927 Aulercer

76 2986 109 2997 -
133 2962 203 3015 nibil
231 2962 275 3015 bio
300 2962 518 3016 committendum
545 2964 654 3033 „nicbts
707 2962 763 3015 und
796 2962 929 3015 Lexovier
959 2962 1093 3015 uniscben
1123 2960 1204 3015 Loire
1235 2962 1290 3017 und

77 3045 166 3103 diesen
190 3051 354 3105 bberlasseu
377 3068 412 3105 uu
437 3051 559 3105 ildricu“.
607 3052 654 3105 Bel
707 3049 796 3104 Seiae.
834 3049 1073 3103 Webrscheinlicb
1098 3048 1189 3117 langte
1208 3048 1237 3107 0.
1262 3053 1289 3105 in

77 3132 333 3194 dem-wansetmna
352 3140 401 3193 der
418 3138 522 3194 Gallier
540 3139 655 3193 martur
709 3138 758 3193 der
783 3138 898 3192 aweiten
923 3136 1019 3191 Hillte
1047 3136 1094 3191 des
1114 3137 1193 3206 April
1217 3138 1292 3193 baim

78 3220 105 3275 u.
124 3224 166 3280 die
188 3227 295 3282 Geiabr
317 3228 394 3281 nicht
416 3226 654 3295 ausgescblossen,
707 3226 799 3281 Heere
818 3242 861 3281 en.

80 3307 135 3365 dats
162 3315 221 3370 sich
247 3316 321 3370 disse
348 3316 397 3369 mit
421 3316 475 3370 den
500 3315 653 3369 Germanou
744 3320 768 3371 3.
788 3314 931 3369 ob‘Rhono
944 3313 1192 3379 succinentium
1201 3314 1290 3369 Rbein

81 3410 137 3451 zum
153 3405 353 3469 gemeinsamen
367 3404 483 3473 Kample
501 3418 589 3472 gegen
607 3405 653 3458 ibn
707 3418 758 3459 uos
784 3404 880 3459 weiter
903 3404 972 3457 nocb
993 3402 1099 3456 Gallien
1125 3401 1229 3459 hincin.
1258 3432 1289 3443 -

81 3486 223 3547 vorbiodeo
242 3490 376 3547 koonteo.
395 3492 430 3548 cf.
449 3508 471 3547 c.
491 3496 516 3547 6,
534 3496 560 3546 2.
708 3492 873 3559 omniaque.
894 3530 901 3546 .
920 3531 926 3544 .
943 3490 1002 3557 fore
1016 3494 1133 3557 parato,
1153 3493 1291 3560 Anssoge·

114 3576 137 3629 3.
163 3577 217 3633 His
241 3581 322 3635 rebus
349 3586 432 3649 utque
458 3581 657 3635 auditionibus.
709 3589 777 3649 satu,
796 3580 935 3648 abbiingig
952 3579 1105 3633 voneineur
1120 3579 1291 3635 missitatos

84 3659 247 3723 Dasaretae
266 3669 355 3727 Subit.
376 3670 480 3723 erkltrt
497 3670 548 3723 das
566 3679 655 3733 erste3
708 3668 853 3737 liegarden
874 3667 955 3721 Verb.
975 3666 1090 3721 dicendi.

83 3744 150 3803 deon
174 3754 330 3825 ilasjenige,
360 3774 417 3813 nas
442 3760 483 3811 sie
510 3758 559 3811 auf
582 3758 657 3812 diosc
745 3762 770 3811 4.
791 3756 853 3825 Quo
862 3770 909 3823 ape
920 3755 977 3810 scil.
988 3755 1075 3809 durch
1086 3755 1129 3809 die
1143 3754 1291 3825 Hoiioung,

83 3832 169 3893 Weise
187 3844 326 3911 erlobren,
346 3860 437 3899 neren
456 3846 525 3899 eben
537 3860 591 3899 our
604 3845 656 3899 Ge·
709 3844 1292 3902 vondenilnlliernunterstittztzuirerdeu.

82 3925 381 4000 roobia—inominata
393 3933 656 4001 „angenbliclrlicb“.
687 3972 691 3980 .
710 3963 742 3973 -
764 3932 919 3987 Germani.
938 3973 968 3987 ..
993 3936 1187 3999 peruenerunt,
1214 3932 1292 3988 nicbt

80 4009 114 4063 ci.
132 4012 157 4067 b.
175 4032 198 4073 e.
218 4020 254 4074 ll.
274 4024 314 4073 12.
333 4025 350 4075 3
368 4024 528 4089 evestigio.
546 4022 570 4075 b.
584 4038 607 4075 c.
620 4022 655 4076 ll.
709 4021 760 4075 der
767 4019 1293 4089 gannelekerschwermderUsipeter

81 4096 104 4149 7·
118 4102 133 4151 3
145 4104 239 4160 eodem
251 4110 374 4176 vestigio.
393 4138 427 4149 -
445 4109 567 4164 uniant
580 4111 655 4178 ,sich
708 4109 765 4162 nod
793 4110 951 4174 Tencterer,
979 4108 1097 4163 sondern
1125 4124 1177 4163 nor
1203 4112 1292 4178 einige

82 4184 185 4245 ricbteo
204 4197 298 4251 nnch“.
709 4196 881 4266 Streiflrorps
900 4196 1054 4251 darselben.
1075 4224 1106 4236 -
1126 4196 1292 4252 Eburonum

71 4294 99 4315 ³
114 4272 142 4328 ⁶·
181 4285 202 4334 l.
219 4285 343 4351 graviori
360 4285 436 4352 bello,
454 4285 657 4341 'elcbernacb
710 4290 736 4339 at
766 4282 983 4351 Condrusorum,
1012 4284 1150 4352 belgiscbe
1176 4286 1292 4341 Volker·
