2934 4750
155 184 197 244 40
622 195 664 250 De
681 195 754 250 bello
775 194 889 254 Gallico,

173 342 389 419 ecoeperunt.
440 337 510 401 Hae
544 337 687 402 celeriter
726 339 832 420 ignem
866 337 1181 418 comprehenderunt,
1219 344 1252 402 et
1288 339 1376 402 venti

174 443 426 525 magnitudine
455 445 485 507 in
509 461 633 508 omnem
664 443 767 508 locum
799 447 975 508 castromm
1006 443 1207 510 distulerunt.
1255 443 1377 508 Hostes

209 549 344 613 maximo
367 548 502 613 clamore
526 549 618 613 sicuti
641 555 735 632 parta
750 550 813 617 iarn
829 555 926 630 etque
942 550 1106 632 explorata
1121 550 1253 614 victoria
1269 553 1378 614 turres

175 655 451 735 rtestudinesque
475 672 571 736 agere
594 662 627 720 et
649 654 743 720 scalis
766 655 882 719 vallum
906 656 1078 721 ascendere
1102 661 1288 738 coeperunt.
1339 655 1380 718 At

210 765 302 824 tanta
332 760 468 825 militum
491 761 594 825 virtus
623 767 719 842 atque
742 780 780 826 ea
802 763 985 844 praesentia
1007 763 1104 826 animi
1127 762 1194 839 luit,
1226 768 1273 841 ut,
1309 779 1379 826 cum

210 865 348 947 undique
379 866 506 930 flamma
536 872 740 932 torrerentur
771 868 969 948 maximaque
1003 867 1139 932 telorum
1171 867 1381 932 multitudine

210 977 429 1052 premerentur
451 989 571 1054 suaque
594 974 699 1038 omnia
722 973 947 1055 impedimenta
976 980 1071 1055 atque
1095 992 1203 1038 omnes
1229 971 1380 1038 fortunas

211 1077 406 1160 conflagrare
429 1078 659 1159 intellegerent,
681 1097 746 1144 nou
770 1079 862 1144 modo
886 1080 1083 1160 demigrandi
1108 1098 1204 1144 causa
1226 1080 1266 1144 de
1294 1078 1381 1142 vallo

211 1183 380 1248 decederet
403 1201 505 1262 nemo,
531 1184 589 1248 sed
611 1203 711 1266 paene
733 1203 774 1250 ne
796 1186 969 1267 respiceret
992 1185 1117 1268 quidem
1140 1185 1320 1267 quisquam,
1345 1203 1381 1249 ac

177 1296 279 1364 stum
301 1309 410 1355 omnes
431 1292 584 1356 acerrime
607 1291 837 1373 fortissimeque
852 1298 1038 1373 pugnarent.
1078 1289 1140 1356 Hic
1164 1291 1231 1356 dies
1255 1291 1380 1356 nostris

213 1396 305 1476 louge
321 1397 526 1478 gravissimus
548 1396 620 1476 iuit3
645 1398 702 1461 sed
725 1404 833 1462 tamen
855 1396 939 1463 hunc
961 1397 1073 1463 habuit
1095 1404 1253 1477 eventum,
1279 1403 1319 1462 ut
1344 1415 1379 1460 en
1452 1380 1453 1405 ³

214 1502 264 1566 die
288 1503 441 1566 maximus
464 1521 614 1568 numerus
642 1503 781 1568 hostium
812 1503 1034 1568 vulneraretur
1062 1509 1158 1584 atque
1186 1501 1381 1567 interlicere·
1453 1504 1455 1571 ἱ

214 1613 276 1686 tur,
306 1614 343 1673 ut
372 1627 406 1674 se
436 1608 496 1673 sub
526 1610 595 1691 ipso
618 1608 702 1674 vallo
726 1611 982 1691 constipaverant
1012 1627 1235 1690 recessumque
1265 1608 1379 1690 primis
1453 1620 1454 1623 ’

179 1713 316 1786 sultimi
339 1733 402 1779 non
426 1715 553 1781 dabant.
591 1715 725 1781 Paulum
742 1716 870 1797 quidem
893 1716 1073 1780 intermissa
1095 1715 1222 1780 flamma
1245 1722 1278 1779 et
1304 1731 1379 1794 quo·
1452 1744 1455 1779 r

216 1820 288 1883 dam
317 1820 386 1886 loco
416 1824 497 1886 turri
527 1822 643 1888 adacta
674 1828 707 1886 et
735 1823 934 1902 contingente
957 1821 1076 1885 vallum
1099 1821 1214 1886 tertiae
1237 1821 1378 1885 cohortis
1452 1808 1454 1873 ἓ

216 1927 416 1992 centuriones
439 1947 477 1992 ex
499 1947 547 2007 eo,
575 1946 637 2010 quo
660 1929 799 2008 stabant,
828 1928 897 1993 loco
920 1933 1120 1992 recesserunt
1149 1944 1287 2007 suosque
1317 1945 1379 1990 om·
1453 1922 1454 1929 ’

216 2051 271 2097 nes
303 2039 513 2128 removerunt,
545 2040 626 2099 nutu
656 2036 844 2116 vocibusque
878 2034 995 2112 hostes
1029 2033 1056 2097 si
1086 2033 1218 2098 introire
1249 2031 1378 2107 vellent,
1452 2018 1454 2081 ἶ

183 2157 331 2208 runcare
365 2145 550 2221 coeperunt;
585 2158 718 2222 quorum
753 2139 901 2222 progredi
937 2157 1033 2204 ausus
1068 2143 1117 2203 est
1149 2157 1251 2204 nemo.
1301 2138 1376 2202 Turn
1452 2132 1453 2135 ’

217 2264 255 2310 ex
288 2246 373 2310 omni
405 2252 497 2327 parte
531 2247 689 2328 lapidibus
724 2247 873 2312 coniectis
908 2245 1077 2323 deturbati,
1112 2247 1274 2328 turrisque
1312 2261 1374 2308 suc·

219 2369 312 2416 censa
336 2356 394 2418 est.
1326 2351 1327 2356 ’

186 2474 198 2522 1
306 2463 357 2525 44.
395 2457 498 2524 Erant
520 2460 554 2522 in
586 2478 624 2523 ea
646 2458 769 2541 legione
800 2457 962 2523 fortissimi
986 2458 1053 2536 viri,
1086 2458 1298 2535 centuriones,
1330 2454 1380 2537 qui

218 2564 281 2628 iam
304 2564 414 2645 primis
437 2564 601 2629 ordinibus
625 2555 925 2647 appropinquarent,
947 2562 982 2629 T.
1007 2562 1097 2628 Pulio
1121 2568 1154 2627 et
1176 2564 1209 2626 L.
1226 2562 1377 2627 Vorenus.

167 2740 483 2750 —-————.--..--—-.—-

200 2850 225 2899 2.
244 2846 295 2898 due
314 2886 320 2899 .
341 2887 347 2899 .
367 2890 375 2904 .
394 2845 575 2912 distulerunt,
599 2846 698 2900 anders
718 2845 745 2898 b.
801 2845 851 2897 sub
863 2843 936 2897 uallo
956 2844 1000 2911 „in
1014 2842 1062 2896 der
1075 2842 1289 2896 nnmittelbaren
1302 2840 1379 2897 Nate

166 2949 189 2987 c.
209 2933 244 2987 ll.
265 2938 305 2989 14.
325 2938 342 2987 2
360 2934 432 2988 hunc
451 2934 565 3001 (iguem)
583 2935 622 2989 sic
642 2935 746 2989 distulit
802 2934 849 2988 des
863 2932 997 2997 Walles“,
1016 2930 1050 2987 ci.
1064 2947 1086 2988 c.
1105 2934 1148 2985 57.
1168 2934 1184 2984 3
1204 2930 1254 2984 sub
1274 2928 1379 2985 castris.

168 3028 271 3075 ventus.
836 3042 861 3094 6.
880 3038 953 3091 turri
965 3036 1074 3102 eductu,
1094 3053 1146 3090 ron
1169 3035 1221 3090 den
1238 3036 1265 3090 N
1267 3037 1380 3089 crviem.

202 3112 227 3163 3.
246 3110 362 3163 maximo
380 3110 503 3174 clamore,
522 3110 558 3165 cf.
578 3127 601 3167 c.
620 3114 745 3166 37.3.-
801 3160 834 3169 ,,
853 3129 879 3182 3,-
898 3128 964 3197 „ob“
986 3128 1017 3181 Ε,
1037 3127 1064 3183 g·
1084 3128 1147 3181 231,
1166 3130 1182 3179 2
1202 3129 1281 3178 qum,
1301 3120 1379 3178 W.S.

167 3197 250 3250 muli
263 3204 352 3266 ΡΜ
368 3197 425 3251 lam
444 3204 525 3265 alque
537 3198 681 3266 ⁶2?le
693 3199 747 3251 vic.
803 3220 861 3271 166.
881 3222 907 3271 2.
926 3216 989 3269 Zus.
1009 3243 1043 3253 -
1063 3230 1191 3283 quoram,
1217 3214 1266 3266 der
1286 3210 1379 3267 relativ

168 3286 748 3355 imavi·¹11·18·8¹¹lexpl⁰l⁸lstll⁰·
801 3304 987 3374 angelmllplte
1006 3302 1071 3357 Satz
1097 3303 1171 3357 steht
1199 3302 1227 3355 iu
1255 3301 1378 3355 adversa·

168 3376 249 3430 toria.
275 3374 368 3429 Seiten
379 3376 453 3429 steht
462 3376 540 3430 sicuti
551 3382 660 3430 anstatt
668 3376 748 3443 quasi
779 3363 883 3448 'qvem
911 3392 1066 3447 Verhqltnis
1090 3408 1125 3444 zu
1152 3390 1211 3444 dem
1231 3389 1379 3455 Vorherge·

169 3479 230 3516 zum
242 3464 389 3518 Ausdruclr
407 3464 483 3517 einer
508 3464 609 3531 irrigeu
627 3464 749 3518 Vorstcl·
803 3481 918 3535 henden,

169 3551 245 3619 ¹⁰¹¹&
265 3551 299 3606 ⁰s·
321 3551 375 3607 Sil·
396 3552 455 3607 Cal·
476 3555 519 3607 ²⁸·
541 3558 554 3605 Ῑ
574 3553 656 3607 ΒΜ
677 3552 749 3607 ⁸²¹u'
839 3591 863 3644 7.
882 3585 1032 3650 dcturbati,
1061 3584 1104 3638 die
1133 3583 1237 3638 Feinde
1259 3581 1379 3635 mulsten

171 3646 260 3693 tatum
278 3641 418 3740 lnlmlf‘g
803 3674 906 3741 inlolge
921 3673 967 3728 des
981 3673 1151 3742 Steinhagels
1165 3672 1217 3727 den
1230 3672 1312 3725 Turro
1326 3676 1380 3724 ver·
1415 3698 1418 3705 ¹

173 3767 178 3772 .
207 3732 232 3783 4.
246 3728 418 3797 deraeqraadt
428 3744 521 3794 cauca,
532 3745 577 3781 um
586 3727 637 3782 den
650 3728 749 3782 Posteu
803 3762 905 3817 lmen·

170 3834 204 3871 zu
222 3816 361 3871 verlassen
381 3817 435 3870 und
454 3833 516 3871 rom
535 3816 651 3884 Kampie
669 3816 751 3869 abau-

171 3905 260 3960 stehn.
282 3919 366 3957 -·ac
386 3905 541 3971 „s0ndern“
568 3905 603 3961 ci.
627 3921 651 3959 c.
675 3908 699 3958 5.
725 3909 752 3960 2.
839 3904 886 3957 44.
925 3906 947 3957 l.
974 3901 1021 3969 qul
1041 3943 1047 3955 .
1066 3944 1073 3959 .
1093 3943 1099 3954 .
1118 3898 1379 3967 appropinquarent.

171 4023 206 4031 -
215 3998 273 4045 tum
285 3994 424 4050 verstarlu
440 3995 492 4050 den
504 3995 668 4063 Gegensatz,
684 3993 753 4061 jetzt
807 3992 863 4044 Der
873 3990 966 4045 Inhalt
977 3990 1024 4044 des
1033 3987 1294 4057 konjuulrtivischen
1305 3983 1378 4039 Rela-

171 4091 229 4137 erst
241 4084 331 4150 recht,
351 4092 424 4138 trotz
437 4084 485 4139 der'
498 4084 651 4137 kritischen
669 4081 753 4148 Lago.
806 4080 938 4133 tivsatzes
952 4078 1090 4133 ersclreint
1104 4076 1146 4130 als
1160 4076 1220 4130 eine
1234 4075 1320 4143 Folgs
1338 4072 1379 4125 der

207 4176 232 4228 5.
250 4178 290 4240 ut,
310 4173 353 4228 die
377 4172 484 4228 modale
503 4172 665 4237 Bedeutuug
686 4170 753 4236 geht
810 4166 973 4235 Taplerkcit
998 4165 1045 4219 der
1064 4163 1263 4230 centurionem,
1287 4160 1320 4215 ol.
1338 4154 1377 4210 VI.

173 4262 286 4317 tiberin
305 4263 348 4318 die
366 4262 489 4327 kausale,
507 4260 543 4315 cl.
569 4260 614 4312 VI.
634 4263 658 4312 7.
678 4262 702 4311 7.
723 4287 757 4296 -
814 4260 854 4311 ll.
874 4258 889 4309 3
909 4269 1022 4323 quorum
1042 4294 1048 4307 .
1068 4251 1223 4307 ..redeat

1424 3515 1433 3563 l
