2934 4750
552 219 652 274 Corum.
671 219 717 274 vl.
737 222 851 274 23-26.
1265 209 1305 268 73

89 378 157 441 qua
178 367 268 440 aute,
297 359 449 426 Germani
472 367 675 442 permanent,
704 361 816 426 eodem
839 361 923 427 virtu
946 368 980 427 et
1003 362 1090 428 cultu
1113 363 1254 446 corporis

91 471 236 546 utuntur,
260 464 360 530 Gallis
383 471 491 532 autern
512 467 745 549 provinciarum
769 467 990 548 propinquitas
1013 472 1047 533 et
1069 468 1255 533 transmari·
1274 481 1290 532 5

91 589 205 636 uarum
235 589 342 636 rernm
372 571 487 637 notitia
516 571 617 636 muita
648 572 690 636 ad
717 573 840 653 cupiam
877 578 972 654 atque
1005 591 1081 638 usus
1108 573 1253 654 largitur,

88 678 245 760 paulatim
261 675 435 743 adsuefacti
451 678 596 771 superari
606 677 779 759 multisque
791 678 867 744 vieti
882 678 1011 759 proeliis
1027 697 1067 744 ne
1082 680 1254 760 sequidem
1273 692 1290 743 6

90 784 154 868 ipsi
177 802 250 849 rum
272 782 334 848 iliis
357 784 476 848 virtute
499 790 693 865 comparant.

182 894 234 957 25.
281 889 383 954 Huius
400 889 575 977 Hercyniae
597 890 707 971 silvae,
731 909 814 972 quae
836 908 933 974 supra
956 891 1173 956 demonstrata
1196 895 1255 970 est,
1277 907 1288 955 1

90 995 230 1062 latitudo
258 1013 370 1060 novem
397 995 518 1061 dierum
549 995 611 1061 iter
637 996 785 1078 expedito
818 1001 922 1077 patet;
957 1015 1020 1061 non
1053 997 1135 1061 euim
1163 995 1257 1061 aliter

91 1100 176 1167 finiri
206 1104 327 1182 potest,
357 1119 458 1182 neque
486 1117 650 1166 mensuras
678 1102 828 1167 itinerum
859 1108 1025 1169 noverunt.
1078 1100 1188 1167 Oritur
1215 1100 1291 1167 aba

92 1206 314 1274 Helvetiorum
344 1211 377 1271 et
399 1205 565 1272 Nemetum
590 1213 630 1272 et
656 1207 863 1272 Rauriuornm
887 1206 1002 1274 tinibus
1025 1212 1178 1289 rectaque
1200 1205 1257 1272 flu·

93 1313 188 1378 minis
212 1312 347 1377 Danuvii
370 1313 499 1394 regione
522 1313 660 1394 pertinet
681 1313 723 1378 ad
746 1311 824 1378 fines
842 1313 1000 1380 Dacorum
1024 1313 1256 1395 eromenion,

93 1419 165 1484 hinc
187 1437 223 1484 se
246 1416 345 1483 flectit
367 1419 570 1484 sinistrorsus
595 1419 727 1484 diversis
759 1437 779 1483 a
807 1417 934 1484 flumine
965 1419 1146 1500 regionibus
1176 1417 1291 1483 mul-3

94 1532 264 1606 torumque
286 1525 428 1606 gentium
451 1524 530 1590 fines
553 1531 685 1607 propter
707 1525 956 1606 magnitudinem
978 1526 1126 1608 attingit3
1155 1539 1292 1606 nequer

94 1633 261 1714 qnisquam
286 1637 337 1695 est
358 1631 452 1695 huius
476 1629 680 1708 Germaniae,
709 1632 764 1713 qui
792 1649 826 1696 se
854 1638 911 1696 aut
938 1631 1042 1696 edisse
1071 1632 1111 1696 ad
1133 1631 1257 1696 initium

95 1739 162 1803 eius
185 1737 285 1803 silvae
308 1736 402 1814 dieat,
427 1755 498 1802 rum
522 1737 645 1802 diemm
667 1739 729 1801 iter
751 1755 791 1802 ux
814 1738 1012 1818 processerit,
1041 1739 1106 1815 aut,
1136 1755 1197 1818 quo
1221 1754 1259 1800 ex

97 1843 162 1908 ioco
186 1844 318 1922 oriatur,
343 1845 513 1924 acceperit;
544 1843 705 1924 multaque
735 1844 768 1907 in
797 1861 836 1907 ea
862 1860 980 1923 genera
1009 1841 1148 1907 ferarum
1171 1841 1293 1908 nascio

100 1955 237 2026 constat,
266 1967 347 2030 qnae
378 1942 508 2030 reliquis
529 1950 562 2014 in
585 1950 669 2015 locis.
684 1949 753 2013 risa
776 1967 839 2013 non
862 1949 940 2030 siut;
973 1967 1012 2013 ex
1038 1947 1152 2029 quibus
1175 1961 1258 2028 quae

102 2055 230 2120 manime
259 2052 407 2119 differant
434 2074 454 2119 a
482 2056 596 2120 ceteris
625 2061 659 2120 et
688 2055 859 2119 memoriae
889 2054 1052 2135 prodenda
1080 2053 1257 2132 videantur,

101 2159 176 2226 haee
198 2168 282 2226 aunt.

185 2271 237 2331 26.
293 2266 353 2330 list
385 2268 442 2332 bos
473 2267 558 2332 cervi
588 2266 704 2349 figura,
738 2269 826 2332 cuius
855 2285 874 2330 a
902 2266 1006 2330 media
1039 2265 1142 2330 fronte
1176 2266 1293 2330 interr

97 2384 389 2393 —--.---..-.-.-.-.-..

132 2429 153 2480 5.
168 2425 388 2494 prouinciarum,
409 2425 515 2480 Galliae
528 2425 679 2493 cisalpinae
733 2426 896 2483 Konstrukt.
921 2424 955 2479 oi.
975 2423 990 2493 ξ
1008 2428 1025 2477 4
1049 2434 1103 2492 qno
1122 2440 1157 2477 ex
1180 2424 1240 2479 loeo
1259 2424 1313 2479 ori·

100 2522 128 2568 et
161 2514 271 2569 Galliae
307 2514 502 2581 transalpinae.
542 2544 576 2552 -
611 2530 680 2567 nsua
733 2520 803 2566 atur.
831 2542 864 2551 -
892 2518 1018 2580 reatuque
1041 2511 1162 2578 fluminis
1187 2511 1316 2566 Danuvii

102 2603 266 2668 ,Gennsse“.
732 2602 850 2671 rapinae,
879 2601 907 2653 in
934 2600 1034 2669 graden
1062 2600 1202 2669 Richtnng
1231 2600 1256 2657 d.
1285 2600 1310 2652 h.

132 2693 153 2747 6.
169 2684 303 2759 superari
320 2716 355 2735 =
374 2691 519 2745 interiores
539 2704 608 2745 esse.
733 2688 851 2759 parallel
870 2690 919 2741 mit
938 2687 987 2741 der
997 2688 1103 2741 Danau.
1116 2718 1150 2725 -
1163 2686 1315 2753 Dacorum,

246 2813 317 2867 m
332 2813 375 2858 25.
402 2812 534 2865 Gebmge.
735 2780 777 2831 ein
798 2776 971 2831 thracisnher
990 2762 1178 2829 Volksstemm
1201 2776 1237 2829 im
1257 2780 1313 2828 ost-

670 2900 683 2953 f
732 2865 823 2920 lichen
841 2862 963 2931 Ungaru.
983 2893 1016 2901 —
1035 2861 1193 2927 Anartium,
1212 2878 1247 2916 au
1267 2862 1316 2916 der

735 2953 829 3007 Theiss
849 2951 973 3005 sesshai.

719 3058 724 3068 ·
771 3044 795 3096 3.
822 3039 938 3093 diuersis
965 3055 983 3091 a
1010 3038 1120 3106 fiumina
1148 3038 1315 3105 ropionibus,

736 3129 785 3183 der
812 3126 987 3195 Gebirgszug.
1006 3126 1151 3193 verzweigt
1178 3126 1236 3179 siah
1264 3142 1316 3180 von

736 3216 784 3271 der
800 3216 896 3269 Danau
915 3215 985 3269 nach
1004 3213 1219 3269 verschiedenen
1233 3214 1315 3269 Rich·

736 3314 847 3373 tungen.

772 3398 796 3446 t.
821 3393 905 3447 huius
933 3391 1115 3457 Germaniae,
1148 3392 1197 3445 des
1225 3390 1316 3446 Teiles

736 3497 788 3537 von
808 3482 985 3548 Germanien,
1014 3481 1062 3535 der
1087 3480 1173 3534 Cesar
1195 3479 1317 3533 bekannt

737 3586 799 3623 war.
826 3598 856 3607 -
886 3569 924 3623 nd
941 3568 1051 3621 initium
1073 3568 1132 3622 εἰιιε
1150 3568 1248 3631 silone,
1274 3568 1316 3621 bis

737 3674 798 3711 zum
818 3658 928 3723 Anfang
947 3657 994 3711 des
1014 3656 1145 3723 Gebirges
1168 3657 1204 3709 im
1223 3654 1317 3709 Osteu.

131 2903 177 2959 25.
202 2907 225 2956 l.
245 2918 317 2970 quoe
330 2943 349 2956 ..
363 2902 549 2955 demonstrata
561 2906 600 2954 eet
618 2916 668 2969 ,an

95 2990 148 3046 den
168 3034 191 3049 ..
213 2992 399 3058 hingoniesen
412 2991 476 3045 ist“.
490 3020 524 3029 -
541 2988 679 3057 expedito,

95 3079 141 3133 iirr
165 3083 248 3135 einen
270 3079 440 3147 Fussgangar
458 3103 493 3122 =
511 3079 534 3132 si
553 3078 615 3145 quis
633 3080 681 3132 im·

97 3170 209 3235 penitus
227 3169 281 3223 iter
303 3167 381 3235 facit,
405 3167 438 3222 oi.
459 3167 516 3221 Lir.
536 3167 583 3220 lX.
603 3170 627 3220 9.
648 3170 681 3219 13

97 3257 179 3311 tridui
188 3258 245 3311 iter
255 3255 389 3324 expeditis
400 3264 469 3310 arat.
488 3256 548 3309 Nnr
558 3254 617 3309 hier
627 3254 681 3309 und

99 3345 124 3399 b.
147 3362 169 3400 c.
196 3344 245 3399 111.
268 3347 312 3401 80.
338 3347 350 3396 l
380 3343 452 3410 qnod
481 3350 525 3395 est
553 3341 680 3410 oppidum

100 3434 216 3499 primum
248 3431 407 3485 Thessaliae
437 3430 610 3485 venientibus
646 3430 681 3483 ab

101 3522 186 3589 Epiro
205 3520 291 3573 findet
310 3520 368 3573 siah
386 3519 430 3573 bei
442 3518 470 3572 C.
491 3520 559 3572 uach
573 3517 682 3572 Verben

100 3608 148 3663 des
159 3609 299 3665 Urteilens
313 3608 368 3661 und
378 3607 529 3662 Sahatzens
542 3607 591 3661 dor
600 3605 682 3660 Datis

101 3695 148 3750 des
156 3698 254 3752 Partis.
265 3701 384 3762 —potet
395 3694 640 3764 ,erstrecktsioh“.
650 3723 679 3732 —

100 3783 177 3846 finiri
196 3810 232 3831 =
251 3784 367 3851 definiri,
386 3784 420 3838 os.
436 3800 458 3838 o.
474 3787 515 3841 18.
530 3788 553 3837 1.
564 3813 597 3821 -
611 3797 682 3835 naeu·

104 3887 181 3927 rurus
209 3874 347 3938 itinerum,
379 3873 422 3927 die
453 3873 607 3926 Germanen
638 3870 683 3924 be·
885 3923 892 3935 ,
1121 3920 1127 3933 ,

106 3960 240 4015 stimmten
259 3960 305 4013 die
319 3960 525 4026 Entfernnngen
544 3975 596 4013 nur
614 3958 683 4012 nach
738 3922 908 3977 drnckendoe
920 3921 1212 3983 Bfflfflfflfflffl’

103 4046 330 4117 Tagemfirschen·
739 4011 788 4065 der
807 4010 987 4078 Konjunktiv‚

137 4142 161 4191 2
184 4137 283 4191 Ort'tur
312 4138 346 4192 ab
371 4136 556 4191 Heluetiorum
582 4141 608 4188 et
630 4134 683 4187 Ne·
757 4132 828 4186 Καρ.
843 4132 949 4177 26-29.
976 4128 1186 4181 merkwuroige
1200 4128 1292 4173 *fiere

100 4226 199 4277 mltum
223 4232 249 4279 et
267 4226 451 4280 Raurirorum
472 4224 591 4290 finibus,
612 4224 683 4277 nem·
772 4220 818 4277 26.
848 4228 870 4275 1.
886 4221 932 4273 bos
943 4226 1014 4274 nerui
1024 4220 1125 4287 lipare,
1136 4216 1317 4271 wahrschein·

103 4313 173 4365 nauh
193 4331 254 4368 rom
266 4313 420 4368 Mitteilaui
436 4313 616 4380 desteins3
635 4326 683 4364 znr
737 4309 793 4365 liuh
819 4310 867 4364 das
892 4309 1034 4363 Renutier.
1055 4336 1086 4346 -
1112 4320 1199 4359 uuum
1221 4319 1316 4366 corun,

773 3749 797 3800 5.
817 3762 887 3813 quae
900 3786 906 3799 .
921 3787 927 3799 .
941 3787 947 3799 .
960 3746 1021 3799 uiso
1047 3761 1103 3799 eoru
1121 3745 1191 3809 siut,
1216 3744 1316 3798 ebeuso

738 3850 807 3901 qnae
821 3874 828 3888 .
842 3876 848 3887 .
861 3875 868 3888 .
881 3832 1027 3900 differant,
1056 3833 1099 3886 die
1128 3832 1318 3886 Relativsatze

1231 3917 1318 3972 daher
