2934 4750
532 207 633 262 comm.
653 207 685 262 v.
706 209 819 263 sr-un.
1243 195 1284 255 47

69 350 222 418 beneficio
254 350 383 416 deorum
415 349 642 416 immortalium
674 354 707 415 et
738 348 856 414 virtute
888 367 998 415 eorum
1030 349 1156 430 expiato
1187 348 1235 413 iu·

68 456 237 524 commodo
259 474 361 537 neque
387 454 530 520 hostibus
563 455 686 520 diutino
716 455 838 520 laetitia
869 471 970 536 neque
1003 454 1080 536 ipsis
1111 453 1235 534 longior

68 563 162 629 dolor
183 562 392 644 relinquatur.

161 673 213 735 53.
238 668 368 733 Interim
383 667 435 733 ad
458 667 633 732 Labienum
655 684 712 748 per
734 665 850 732 Remos
872 665 1046 732 incredibili
1069 664 1235 730 celeritate
1255 691 1269 740 1

69 776 111 841 de
134 775 267 840 victoria
290 772 436 839 Caesaris
458 772 543 839 fama
565 772 732 854 perfertur,
757 781 801 851 ut,
826 791 896 838 cum
919 773 960 836 ab
984 771 1124 837 bibernis
1147 769 1235 836 Cice-

70 880 159 946 ronis
191 879 280 944 milia
311 897 463 961 passuum
494 878 623 944 obesset
654 878 781 944 circiter
811 895 860 958 ux,
893 895 992 958 eoque
1024 881 1097 970 post
1126 875 1236 941 horam

69 1004 188 1052 nouum
212 986 275 1050 diei
290 983 408 1051 Caesar
429 985 636 1069 pervenisset,
658 989 734 1049 aute
757 983 890 1048 mediam
913 989 1039 1049 noctem
1062 983 1103 1048 ad
1125 989 1235 1064 portas

65 1098 247 1158 castrorum
270 1090 391 1156 clamor
413 1097 568 1168 oreretur,
602 1107 663 1171 quo
694 1089 833 1154 clamore
864 1087 1052 1171 significatio
1084 1089 1236 1154 victuriae

66 1197 306 1279 gratulatioque
330 1196 371 1262 ab
393 1197 501 1261 Remis
523 1196 665 1261 Labieno
687 1193 787 1261 fieret.
826 1193 895 1259 Hac
917 1193 1001 1260 fama
1024 1195 1066 1259 ad
1080 1194 1235 1260 Treveros
1253 1217 1270 1268 2

66 1303 193 1386 perlata
206 1277 451 1383 Indutiomarus
474 1303 528 1383 qui
550 1308 678 1384 postero
701 1301 752 1366 die
777 1307 882 1366 castra
898 1300 1030 1365 Labieni
1053 1319 1235 1382 oppugnare

70 1411 268 1487 decreverat,
291 1414 388 1474 noctu
409 1407 549 1490 profugit
564 1407 733 1489 copiasque
751 1425 859 1472 omues
882 1407 916 1471 in
930 1405 1085 1472 Treveros
1101 1406 1235 1472 reducit.

74 1512 195 1582 Caesar
216 1513 352 1579 Fabium
375 1531 445 1578 cum
469 1531 528 1578 sua
550 1512 674 1595 legione
696 1513 830 1578 remittit
851 1512 885 1576 iu
908 1512 1049 1590 hiberna,
1073 1513 1141 1594 ipse
1165 1529 1236 1576 oum
1255 1534 1271 1585 3

72 1622 176 1686 tribus
199 1619 376 1700 legionibus
400 1620 516 1685 circum
539 1619 794 1685 Samarobriuam
818 1619 910 1682 trinis
932 1617 1073 1683 hibernis
1096 1617 1236 1682 hiemare

72 1726 243 1791 coustituit
276 1732 323 1805 et,
361 1724 446 1806 qnod
480 1726 564 1790 tanti
596 1733 701 1790 motus
737 1723 862 1790 Galliae
896 1725 1097 1803 exstiterant,
1135 1729 1236 1788 totam

71 1831 210 1896 hiemem
233 1831 301 1912 ipse
322 1831 364 1896 ad
386 1831 560 1896 exercitum
583 1848 710 1896 manere
737 1830 885 1898 decrevit.
933 1829 1013 1894 Nam
1041 1829 1096 1895 illo
1119 1829 1272 1900 iucem-4

73 1935 170 2001 modo
194 1937 231 2001 de
254 1935 362 2002 Sabini
386 1943 487 2002 morte
511 1936 634 2018 perlato
657 1954 767 2001 omnes
789 1934 856 2000 iere
881 1935 1004 2000 Galliae
1028 1935 1173 2000 civitates
1197 1934 1237 2000 de

74 2040 161 2106 bello
175 2042 407 2123 consultabant,
430 2043 559 2107 nuntios
581 2042 820 2124 legationesque
835 2043 867 2106 in
884 2059 992 2108 omues
1009 2047 1118 2123 partes
1134 2041 1237 2106 dimit·

73 2148 186 2213 tebaut
207 2153 249 2227 et
281 2148 356 2230 quid
386 2146 501 2230 reliqui
531 2147 653 2213 consilii
680 2153 839 2230 caperent,
871 2156 967 2229 atque
996 2147 1080 2212 unde
1112 2148 1237 2212 initium

76 2253 153 2318 belli
175 2251 275 2332 fieret,
309 2252 517 2334 explorabant
538 2258 756 2334 nocturnoque
778 2254 809 2317 iu
833 2253 910 2318 locis
940 2253 1075 2318 desertis
1106 2252 1238 2318 coucilia

69 2358 243 2427 habebant.
289 2357 398 2442 Neque
421 2359 521 2425 ullum
537 2359 602 2425 fere
624 2358 723 2425 totius
747 2358 860 2425 hiemis
884 2365 1009 2442 tempus
1032 2359 1100 2425 siue
1122 2358 1271 2429 sollici-o

70 2466 182 2531 tudine
206 2463 353 2531 Caesaris
376 2465 575 2560 intercessit,¹
605 2466 681 2548 quin
702 2466 841 2547 aliquem
865 2466 904 2531 de
928 2466 1065 2531 consiliis
1089 2484 1126 2531 ac
1149 2470 1235 2531 motu

70 2571 239 2638 Gallorum
261 2572 405 2635 nuntium
428 2572 596 2652 acciperet.
643 2572 679 2637 lu
702 2571 750 2636 bis
773 2572 814 2637 ab
835 2571 871 2638 L.
896 2572 1017 2651 Roscio,
1042 2590 1135 2653 quem
1159 2571 1235 2653 legi-
1255 2590 1271 2642 6

72 2679 125 2743 oui
160 2678 277 2742 tertiae
310 2677 452 2742 decimae
485 2675 699 2759 praefecerat,
735 2678 850 2745 certior
881 2676 985 2742 lactus
1021 2683 1069 2741 cst
1103 2695 1236 2758 magnas

707 2958 792 3013 solbst
810 2957 1056 3024 dasWinterlager
1071 2958 1191 3027 benogeu
1202 2957 1288 3013 hatte.

252 3064 329 3149 unp.
354 3066 481 3132 53-58,
708 3046 742 3101 ⁰f·
762 3063 785 3101 ⁰·
799 3049 847 3145 ‚24
865 3050 893 3145 ἒ·
1078 3135 1083 3145 ,
1160 3140 1169 3149 ,,

744 3137 768 3187 4.
793 3134 840 3187 allo
858 3132 1027 3187 cocoucmodo
1051 3133 1120 3187 wrrd
1139 3135 1225 3188 nuber
1242 3135 1287 3189 be·

68 3237 217 3293 Anucmu
235 3238 287 3295 der
295 3237 492 3311 immol-lker,
510 3240 653 3311 Somou,
709 3225 813 3278 stimmt
839 3223 924 3277 durch
952 3222 986 3277 de
1012 3222 1105 3275 Sabini
1135 3230 1227 3277 morte.
1255 3254 1286 3261 —

288 3326 437 3383 Treveros,
703 3312 822 3381 perlato,
831 3312 921 3366 hierin
929 3310 978 3365 der
986 3310 1147 3377 Bedeutuug
1156 3312 1289 3378 „ruchbar

708 3400 844 3456 werdeu“.
865 3430 898 3439 -
917 3398 1027 3467 reliqui,
1053 3398 1097 3453 die
1116 3398 1229 3468 Gallier,
1254 3417 1289 3453 zu

106 3467 154 3523 53.
175 3468 654 3537 l.udLobieaum,deraelbelagerte
708 3490 796 3544 denen
816 3488 860 3542 die
880 3488 966 3542 poten
985 3488 1085 3541 pamm
1113 3516 1147 3526 -
1166 3488 1238 3541 unde
1255 3512 1289 3532 =

75 3555 147 3611 uach
165 3572 189 3613 c.
207 3560 251 3610 24.
271 3561 287 3611 2
306 3558 343 3610 im
353 3558 468 3614 Gebicte
487 3559 654 3613 derRemer.
708 3578 849 3645 aquibus,
870 3574 904 3632 cf,
924 3591 946 3629 ο,
968 3579 1009 3628 14,
1029 3578 1053 3629 5.

70 3644 654 3713 -eereroaiuriumlicbersseziehunc·
744 3668 769 3718 a.
787 3662 943 3720 Intraum.
961 3664 1077 3729 eontra,
1096 3663 1287 3717 unterandern

108 3752 134 3803 3.
153 3748 274 3803 Fabium
287 3793 294 3807 .
308 3794 315 3807 .
328 3792 335 3805 .
347 3752 463 3805 remittit
478 3752 511 3804 r'rr
528 3751 654 3813 hiberno,
709 3751 899 3807 Botsohafteu.
911 3768 971 3803 -o
981 3750 1015 3806 L.
1034 3751 1141 3819 Roscio,
1161 3766 1192 3805 er
1210 3750 1287 3806 llber-

71 3838 99 3890 iu
125 3837 174 3894 dua
201 3838 302 3891 Gebiet
327 3838 376 3891 der
408 3840 531 3893 Moriner
563 3838 597 3897 cf.
632 3856 655 3895 c.
708 3843 836 3896 winterte
855 3842 926 3895 uach
943 3856 965 3893 c.
984 3843 1026 3893 24.
1044 3843 1060 3892 2
1076 3840 1112 3893 im
1123 3839 1221 3893 Gebiet
1240 3840 1288 3893 der

72 3926 114 3978 24.
133 3929 158 3978 2.
179 3954 214 3963 -
233 3939 293 3977 cum
311 3925 401 3978 tribua
420 3926 586 3996 lepiorrr'bao,
605 3928 655 3981 mit
710 3931 828 3984 Esurier
846 3930 874 3982 in
894 3928 941 3982 der
960 3928 1089 3996 beutigeu
1111 3928 1287 3982 Normundie.

71 4012 119 4067 der
137 4014 245 4081 Legion
264 4014 461 4083 descramus,
486 4018 587 4071 welche
614 4017 653 4085 G,
707 4048 741 4057 —-
762 4016 905 4071 Gallorum
924 4016 1019 4083 copias
1038 4017 1123 4070 bilder
1144 4018 1223 4071 ciuen
1238 4017 1288 4071 Be·

69 4104 140 4157 nach
171 4102 366 4157 Samarobriva
402 4104 529 4157 beordert
564 4105 653 4171 hatte,
707 4106 778 4173 grid,
790 4106 838 4160 der
849 4105 935 4160 durch
945 4121 1038 4159 earum
1053 4106 1192 4159 civitatum
1202 4107 1289 4159 uther

68 4191 103 4246 cl.
122 4208 146 4245 c.
165 4195 207 4245 47.
231 4195 254 4256 1,
273 4189 322 4245 der
341 4191 389 4245 deo
399 4192 494 4246 Cicero
504 4210 530 4247 u.
543 4193 592 4246 der
605 4194 653 4248 dea
707 4195 845 4247 bestimmt
873 4192 947 4246 wird.
974 4222 1008 4232 -
1034 4194 1218 4258 Aremoricae,
1245 4194 1289 4248 die

68 4280 234 4347 Trebonius,
259 4279 363 4333 welche
381 4280 467 4335 schon
485 4281 587 4335 vorher
606 4282 653 4335 da·
707 4280 910 4335 deteurblker
924 4282 1060 4335 zwischeu
1074 4282 1157 4349 Liger
1177 4281 1231 4335 und
1243 4282 1289 4337 Se·
