2934 4750
158 247 200 306 74
630 257 671 310 De
688 255 762 311 ballo
782 255 896 310 Gallico.
986 297 991 303 .

129 448 133 456 .
199 399 452 482 ,aurarumque
473 398 642 464 cousidere-
657 404 752 480 utque
774 397 825 463 bis
848 402 1011 463 aeternam
1039 397 1209 480 iuiunperc
1236 399 1371 462 seruitu-

209 505 295 570 cun?
338 504 449 592 Neque
481 504 565 568 cuim
592 524 741 586 umqum
770 503 839 568 aiio
866 500 1050 568 condicio'ue
1079 503 1162 568 bellu
1192 509 1370 586 yesscruut.

71 611 75 618 '
158 619 191 671 16
210 609 301 690 Quod
321 610 351 673 si
374 630 419 687 eu,
444 629 524 691 quoe
546 608 583 673 iu
607 607 794 691 loupiuquis
808 609 1173 691 notionibusperuutur,
1196 609 1372 690 ipnoruiis,

209 715 358 796 respicite
377 715 551 795 finitimum
576 713 732 797 Gallium,
758 734 839 794 quoe
861 715 896 778 iu
916 715 1119 793 prouinciam
1141 713 1274 778 redacta
1301 714 1372 778 iure

153 831 155 834 ⁴
209 825 240 884 et
272 820 395 902 leuibus
424 822 633 899 commutatis,
662 819 828 885 securibus
858 820 999 884 subiecto
1024 825 1183 900 perpetuo
1207 819 1373 900 premitur

208 927 367 991 seruitute.
475 923 481 932 “

175 1043 189 1091 1
316 1035 368 1097 78.
407 1030 580 1096 Sententiis
603 1031 697 1096 dictis
721 1031 928 1112 constituunt,
953 1035 998 1110 ut,
1024 1031 1079 1110 qui
1102 1029 1287 1120 valetudine
1316 1033 1373 1092 aut

209 1141 315 1201 aetate
339 1136 467 1202 inutiles
490 1137 554 1201 sint
577 1136 670 1213 bello,
694 1137 812 1220 oppido
836 1136 1000 1215 excedant,
1025 1140 1124 1216 atque
1146 1135 1250 1200 omnia
1283 1134 1372 1216 prius

173 1241 420 1322 rexperiantur,
452 1260 548 1323 qnam
575 1242 616 1306 ad
649 1240 827 1324 Critognati
854 1242 1048 1306 sententiam
1080 1241 1289 1321 descendant3
1317 1239 1373 1305 illo

209 1353 318 1411 tamen
340 1347 447 1428 potius
469 1348 623 1412 utendum
647 1347 786 1429 consilio,
810 1348 838 1412 si
861 1365 913 1413 res
937 1352 1031 1429 cogat
1053 1353 1151 1428 atque
1173 1345 1292 1411 auxilia
1306 1363 1373 1410 mo·

156 1436 158 1441 ¹
208 1456 328 1532 rentur,
353 1471 448 1533 quam
471 1459 529 1517 aut
552 1453 719 1518 deditionis
743 1457 800 1517 aut
822 1453 909 1535 pacis
926 1452 1124 1517 subeundam
1145 1451 1372 1517 condicionem.

174 1569 190 1619 3
209 1557 384 1637 Mandubii,
408 1558 461 1639 qui
477 1576 530 1624 eos
546 1558 662 1640 oppido
678 1565 874 1640 receperant,
899 1577 972 1623 cum
986 1557 1094 1634 liberis
1110 1562 1206 1638 atque
1222 1555 1374 1620 uxoribus

111 1687 113 1690 ·
173 1664 295 1729 uenire
318 1657 495 1746 coguntur(
529 1664 577 1729 Hi.
595 1682 667 1729 cum
689 1664 730 1728 ad
760 1664 949 1728 munitiones
979 1663 1193 1728 Romanorum
1222 1661 1374 1726 accessis-

188 1774 289 1856 sent,
319 1767 429 1834 flentes
460 1769 605 1835 omnibus
635 1768 784 1850 precibus
816 1768 959 1849 orabant,
988 1775 1025 1833 ut
1053 1788 1088 1834 se
1106 1768 1149 1836 in
1182 1767 1372 1832 servitutem

172 1881 190 1932 5
209 1879 354 1956 receptos
377 1874 446 1941 cibo
469 1875 624 1941 iuvarent.
672 1877 714 1938 At
736 1871 856 1940 Caesar
880 1874 1039 1955 dispositis
1062 1874 1095 1936 in
1111 1872 1194 1938 vallo
1216 1871 1376 1938 custodiis

209 1981 308 2061 recipi
332 1961 528 2060 prohibebat.
571 1966 755 2098 0&spst
768 1965 931 2095 μή]
976 2038 979 2044 .

174 2097 188 2145 1
316 2091 381 2179 79.Ι
404 2086 531 2151 Interea
563 2085 724 2151 Gommms
754 2085 930 2167 reliquique
960 2085 1067 2164 duces,
1101 2083 1215 2164 quibus
1247 2101 1373 2148 summa

207 2192 331 2272 imperii
354 2193 509 2272 permissa
537 2198 617 2271 erat,
647 2211 717 2257 curn
750 2193 894 2257 omn-ibus
929 2191 1027 2272 copiis
1056 2191 1097 2255 ad
1130 2189 1269 2256 Alesiam
1301 2207 1374 2270 per-

207 2297 336 2361 veniunt
359 2301 392 2360 et
414 2296 495 2361 colle
510 2288 672 2362 'exteriore
694 2303 850 2380 occupato
875 2315 937 2361 non
960 2295 1086 2379 longius
1109 2294 1195 2359 mille
1224 2294 1375 2377 passibus

64 2397 67 2403 '
172 2402 250 2466 aab
267 2403 392 2468 ‘nostris
422 2391 649 2468 munitionibus
680 2403 858 2469 considunt.
885 2393 1038 2489 'Postero
1070 2400 1120 2465 die
1154 2400 1302 2481 equitatu
1336 2418 1376 2464 ex

208 2508 321 2573 castris
344 2508 458 2573 educto
481 2525 606 2573 omnam
629 2526 701 2572 eam
723 2508 902 2589 planiciem,
927 2526 1022 2588 quam
1038 2508 1071 2571 in
1086 2505 1317 2586 longitudinem
1334 2524 1373 2570 111

209 2612 297 2677 milia
319 2630 469 2693 passuum
491 2619 603 2694 patere
630 2613 924 2693 demonstravimus,
956 2613 1114 2694 complent
1142 2612 1375 2693 pedestresque

77 2733 80 2737 ·
148 2754 151 2759 -
207 2719 315 2800 copias
339 2717 467 2799 paulum
491 2719 591 2784 abeo
615 2720 681 2784 loco
705 2720 860 2785 abductas
883 2719 915 2782 in
944 2717 1022 2784 locis
1053 2716 1268 2799 superioribus
1298 2734 1375 2781 con-

172 2825 353 2888 estituunt.
399 2823 481 2888 Erat
504 2844 542 2888 ex
565 2825 681 2905 oppido
705 2825 814 2890 Alesia
836 2824 1005 2906 despectus
1028 2824 1061 2887 in
1083 2840 1240 2903 campum.
1289 2819 1375 2887 (lon-

155 3015 281 3081 Stellung
306 3015 354 3069 des
374 3015 504 3083 Subjekts
526 3017 663 3070 zwischen
682 3016 735 3071 den
788 3018 823 3069 40
841 3015 991 3081 berichtet,
1020 3015 1080 3069 dass
1103 3012 1308 3081 iniolgedesson
1327 3012 1376 3066 die

155 3103 252 3157 beiden
271 3103 332 3159 Abl.
351 3103 438 3158 absol.
457 3104 490 3157 ci.
510 3120 533 3158 c.
552 3107 595 3161 81.
616 3109 639 3158 l.
774 3103 1019 3171 ·Ausgewiesenen
1046 3103 1181 3157 zwischen
1208 3102 1288 3155 Stadt
1315 3101 1375 3154 und

191 3192 231 3243 16.
250 3190 280 3242 iu
295 3192 467 3257 prouinciam
490 3192 617 3258 redacta,
645 3192 736 3247 Gallia
789 3191 878 3258 Lager
908 3190 958 3244 auf
986 3190 1259 3257 badanernswllrdige
1278 3187 1375 3243 Weiss

153 3277 342 3331 Narbonensis
371 3295 428 3332 war
456 3280 511 3333 seit
539 3284 590 3333 121
617 3296 643 3334 a.
670 3280 735 3335 Chr.
789 3278 941 3332 umlramen.
1038 3325 1040 3329 .
1099 3296 1101 3299 ⁴

110 3406 112 3409 Α
153 3366 290 3420 rbmische
310 3366 434 3420 Provinz.
457 3398 491 3406 —
515 3368 654 3421 securibus
671 3369 734 3421 sub·
783 3366 801 3393 ·'
827 3366 871 3421 lb.
910 3371 932 3419 1.
945 3364 1096 3432 reliquique
1106 3364 1195 3430 duces,
1209 3364 1243 3419 cl.
1253 3380 1276 3418 c.
1291 3366 1334 3419 76.
1346 3368 1375 3418 4.

152 3454 232 3520 iectu,
252 3454 504 3522 zanezeichnung
522 3456 571 3510 der
589 3456 737 3523 obriglreit·
790 3484 824 3492 —
843 3452 907 3507 colle
925 3453 1056 3507 euteriorc
1068 3458 1205 3531 occupato,
1221 3452 1269 3506 der
1280 3452 1374 3519 Hilgel

153 3542 245 3596 lichen
273 3542 387 3597 Gewalt.
432 3544 484 3597 Die
508 3543 685 3599 Prolronsnln
708 3545 736 3597 in
788 3556 841 3595 von
872 3540 1033 3608 Pouillenay
1062 3540 1099 3593 im
1130 3538 1287 3594 dewesten
1322 3530 1376 3596 de'r

154 3631 203 3684 der
222 3630 340 3683 Provinz
359 3632 456 3685 hatten
474 3632 615 3699 Liktoren‚
634 3631 736 3687 welche
789 3628 884 3697 Stadt,
915 3628 1034 3683 welcher
1069 3617 1158 3681 durch
1188 3626 1231 3681 die
1263 3628 1374 3684 Brenne

153 3719 236 3771 ihnen
260 3718 303 3771 die
330 3718 522 3773 Rutenbdndel
548 3720 663 3788 (fasces)
686 3721 736 3774 mit
789 3727 842 3769 von
866 3716 915 3769 dar
942 3717 1093 3783 Montagne
1119 3716 1151 3769 de
1171 3714 1306 3785 Flavigny
1324 3734 1373 3784 ge·

153 3806 205 3861 den
225 3805 317 3859 Beilen
336 3813 529 3874 vorantrngen.
789 3804 921 3858 schieden
941 3807 986 3863 ist.

190 3895 234 3949 78.
273 3900 296 3947 1.
316 3895 512 3961 experiuntur,
538 3894 653 3962 Subjelrt
672 3895 734 3949 sind
759 3954 761 3958 ,
791 3960 794 3968 ¹
823 3896 848 3947 2.
863 3892 1375 3961 planicie-m,dieEbenevonLanmeS,

153 3984 197 4037 die
216 3980 420 4049 kumpl'tahigen
439 3981 552 4037 daliter.
572 4012 603 4022 -
629 3982 735 4036 desecu-
790 3980 824 4034 cf.
843 3996 866 4037 c.
886 3984 928 4035 69.
948 3983 972 4034 3.
991 4010 1025 4018 —
1047 3980 1078 4032 iu
1094 3979 1158 4033 locis
1175 3978 1375 4048 superioribus,

152 4070 230 4137 daut,
249 4069 283 4123 ci.
301 4084 325 4123 c.
345 4073 387 4124 33.
407 4075 431 4124 l.
789 4070 840 4122 aul
847 4069 899 4123 den
909 4069 1008 4122 then
1020 4084 1071 4121 von
1079 4066 1316 4135 Massyla-Fossa
1334 4068 1374 4122 im

188 4162 214 4214 3.
234 4156 395 4223 Mandubii,
431 4157 475 4211 die
503 4157 655 4211 Bewohner
682 4174 733 4212 von
789 4156 945 4210 Sildweslen
959 4156 1107 4211 derStadt.
1131 4156 1268 4233 Commius
1279 4155 1376 4211 wollte

153 4244 256 4298 Alesia.
732 4310 735 4316 Δ
788 4243 1374 4311 demVercingetorixbamerklichmachen,

189 4333 214 4384 5.
232 4330 318 4397 recipi
331 4332 502 4397 prohibebat.
531 4332 585 4385 Dio
599 4332 677 4387 cass.
689 4336 732 4386 40.
775 4332 849 4385 daie
862 4330 1374 4399 dasEntsatzheerangekommensei.
