2934 4750
506 209 509 213 ’
529 197 631 252 Comm.
644 165 711 250 vll.
732 197 844 250 29-32.
1252 183 1291 242 31

76 342 219 408 amicitia
231 340 377 406 facillime
389 359 503 422 capere
515 345 631 421 posset.
649 339 710 417 Qui
717 338 852 404 Avarico
860 341 1040 420 expugnato
1049 321 1242 416 refugerant,
1261 346 1276 395 3

75 447 249 513 armandos
282 445 529 527 vestiendosque
564 450 671 525 curat3
706 442 810 524 simul,
846 448 883 506 ut
916 435 1097 506 deminutae
1132 441 1276 521 copiaec

75 554 380 634 redintegrarentur,
403 552 539 632 imperat
561 556 681 616 certum
700 543 873 614 ‘numerum
894 534 1029 612 rnilitum
1052 546 1241 624 civitatibus,

75 677 172 740 quem
195 664 227 722 et
249 676 345 738 quam
367 662 444 722 ante
469 656 550 721 diem
573 656 606 719 in
628 659 736 720 castra
758 654 871 719 adduci
887 652 974 732 velit,
998 652 1242 734 sagittariosque
1302 698 1304 702 .
1360 682 1362 686 Α

77 782 202 842 omnes,
230 780 363 843 quorum
395 767 465 825 erat
492 777 683 842 permagnus
712 765 863 824 numerus
891 759 924 823 in
955 755 1069 832 Gallia,
1101 757 1244 836 conquiri

77 874 114 934 et
142 869 184 933 ad
211 886 247 934 se
273 867 357 932 mitti
388 867 487 957 iubet
539 865 601 930 His
625 866 720 930 rebus
750 863 896 957 celeriter
929 864 970 941 id,
1001 863 1085 943 quod
1119 862 1243 926 Avarici

76 974 268 1056 deperierat,
296 972 450 1053 expletur.
496 971 625 1036 Interim
639 971 857 1047 Teutomatus,
875 967 1067 1034 Olloviconis
1079 965 1172 1045 lilius
1189 985 1244 1032 rex
1263 981 1278 1030 5

78 1073 309 1160 Nitiobrogum,
333 1078 422 1142 cuius
445 1081 537 1157 pater
559 1077 600 1140 ab
623 1080 739 1140 senatu
761 1079 870 1140 nostro
892 1073 1010 1139 amicus
1035 1078 1105 1138 erat
1136 1072 1244 1154 appel·
1278 1063 1280 1067 ’
1368 1121 1371 1126 .

77 1184 174 1263 latus,
199 1202 271 1249 cum
293 1201 410 1264 magno
433 1181 576 1262 equitum
599 1199 730 1246 suorum
755 1198 885 1244 numero
909 1185 952 1258 et,
976 1195 1054 1259 quos
1076 1197 1117 1263 ex
1149 1177 1245 1258 Aqui·
1350 1252 1352 1256 .

78 1290 169 1355 tania
192 1289 396 1367 conduxerat,
420 1288 463 1352 ad
487 1305 558 1352 eum
582 1287 736 1369 pervenit.

188 1399 241 1460 32.
280 1392 399 1458 Caesar
421 1393 549 1458 Avarici
565 1392 742 1474 complures
759 1391 826 1455 dies
842 1396 1054 1472 commoratus
1071 1406 1243 1453 summam·
1265 1404 1277 1452 1

79 1518 143 1582 que
165 1500 209 1565 ibi
242 1501 365 1580 copiam
392 1499 541 1565 frumenti
571 1504 604 1562 et
636 1497 748 1578 reliqui
772 1500 969 1563 commeatus
996 1501 1133 1560 nanctus
1160 1512 1246 1558 exer-

79 1606 180 1671 citum
204 1623 242 1669 ex
264 1604 373 1670 labore
406 1608 501 1685 atque
529 1603 636 1684 inopia
664 1601 774 1667 reficit.
802 1602 887 1690 ¹Iam
916 1619 1013 1682 prope
1041 1601 1142 1666 hieme
1171 1616 1280 1664 con-2

79 1709 177 1790 fecta,
203 1729 274 1776 cum
300 1708 469 1792 ipso'anni
490 1715 632 1790 tempore
660 1709 702 1773 ad
730 1707 902 1799 gerendum
931 1705 1048 1770 bellum
1079 1710 1246 1770 vocaretur

82 1823 115 1882 et
143 1817 184 1881 ad
216 1816 339 1881 hostem
359 1814 526 1897 proficisci
554 1815 780 1895 constituisset,
811 1813 877 1878 sive
905 1831 976 1877 eum
1010 1829 1047 1876 ex
1077 1810 1246 1892 paludibus

80 1921 233 2002 silvisque
255 1915 369 1986 elicere
399 1921 464 1985 sive
488 1921 651 1986 obsidione
673 1937 820 2001 premere
843 1923 960 2000 posset,
992 1916 1089 1997 legati
1111 1917 1152 1982 ad
1175 1935 1245 1982 eum

81 2028 240 2109 principes
273 2027 478 2091 Haeduorum
505 2027 636 2090 veniunt
667 2030 802 2104 oratum,
836 2030 872 2088 ut
900 2023 1035 2087 maxime
1069 2022 1246 2088 necessario

81 2138 225 2214 tempore
249 2133 368 2197 civitati
391 2133 572 2198 subveniat:
597 2151 720 2197 summo
745 2150 814 2198 esse
837 2132 870 2194 in
893 2128 1035 2211 periculo
1057 2148 1134 2206 rem,
1151 2129 1244 2210 quod,
1266 2140 1282 2190 3
1358 2208 1360 2213 Ι

122 2328 147 2379 3.
160 2323 234 2393 Qui.
249 2366 277 2401 .·.
289 2324 455 2393 resceperunt,
468 2323 615 2378 armandos
627 2339 668 2378 ue·
900 2323 977 2407 Kap.
1001 2324 1126 2390 32-56.

84 2412 258 2480 malitque
266 2428 315 2465 aar
316 2419 354 2479 ab
362 2413 432 2467 auch
442 2428 520 2467 *³³¹¹ss
531 2414 579 2467 (¹⁸⁸
586 2413 668 2465 Pron.
723 2427 827 2483 Ctisars
839 2428 966 2493 Felduug
978 2442 1070 2493 gagen
1089 2428 1134 2482 die
1147 2426 1301 2481 Arvernos.

84 2500 329 2555 demonstrativum
358 2502 434 2555 nicht
447 2502 485 2576 in
513 2500 669 2555 demselben
696 2516 698 2519 ’
763 2532 833 2587 Kap.
847 2532 880 2577 32
895 2544 923 2575 u.
936 2532 978 2577 33.
1007 2530 1106 2577 0530„
1120 2531 1180 2585 gug
1193 2532 1266 2576 nach

84 2588 176 2643 Casu!
212 2590 262 2643 wie
298 2589 346 2642 das
373 2589 530 2642 Relativum
573 2588 669 2641 Stehen
782 2603 906 2656 Decetia,
919 2602 1243 2655 'Pugnatnungdaselbst

84 2676 197 2741 mutate,
225 2676 291 2730 lufvt
319 2676 348 2730 O.
374 2676 501 2741 ⁴dasselbe
529 2676 668 2729 bisveilen
758 2674 804 2729 32.
849 2680 871 2727 l.
897 2678 1076 2747 commoratus
1106 2672 1252 2740 „vvthread
1273 2688 1302 2725 er

83 2764 151 2831 fort,
170 2763 204 2817 cf.
217 2780 240 2817 c.
253 2768 295 2817 55.
309 2766 325 2817 5
337 2764 491 2817 interfectis
504 2760 667 2818 custodibus
719 2761 885 2828 verweilte“,
898 2761 931 2815 cf.
946 2761 977 2814 ll.
991 2765 1015 2815 7.
1026 2766 1055 2823 3;
1075 2760 1109 2817 Ε.
1123 2760 1148 2814 S.
1161 2762 1215 2813 290
1224 2763 1302 2813 Anm.

82 2852 187 2919 quique
206 2867 238 2905 eo
257 2851 415 2919 negotiandi
432 2868 517 2907 causa
534 2850 666 2906 convene·
723 2855 747 2903 l.
766 2850 794 2903 S.
816 2850 857 2902 W.
878 2851 937 2901 317.
956 2851 972 2900 2
991 2848 1057 2901 Zus.
1081 2852 1102 2901 i.
1140 2846 1192 2899 Die
1214 2848 1301 2915 parti·

84 2947 150 2991 rant
168 2939 196 2995 b.
214 2955 238 2992 c.
256 2940 305 2993 Ill.
326 2942 367 2993 78.
386 2943 404 2993 5
422 2942 522 3008 quique
535 2946 614 2994 erant
633 2956 668 2993 ex
721 2936 839 3005 cipialen
868 2935 1026 2989 Ausdrticke
1053 2934 1206 3001 complures
1245 2935 1303 2989 dies

79 3026 244 3099 ¹vulneribus
263 3028 347 3094 aegri,
366 3028 517 3095 depositis3
544 3028 603 3099 dies
622 3043 667 3094 ge·
721 3031 903 3081 commoratus
922 3023 977 3077 und
997 3023 1105 3090 copiam
1123 3023 1252 3077 frumenti
1276 3028 1304 3076 et

83 3114 195 3167 schieht
207 3129 298 3181 sugat,
311 3132 388 3168 venn
402 3116 450 3169 das
464 3115 668 3169 Demonstrativ
721 3114 824 3185 reliqui
841 3120 1009 3168 commeatus
1029 3118 1146 3165 nanctus
1166 3111 1261 3165 stetten
1276 3112 1303 3163 in
1388 3136 1390 3138 ·

82 3202 135 3255 mit
156 3203 232 3255 einer
248 3202 424 3269 Prtposition
443 3202 538 3256 stehen
557 3202 668 3268 maists,
722 3202 921 3267 Beziehungzu
934 3200 995 3253 dem
1005 3198 1150 3267 folgenden
1164 3214 1198 3253 ex
1210 3198 1304 3253 labore

83 3288 120 3342 cf.
140 3287 157 3357 ξ
176 3292 192 3341 5
212 3296 239 3341 et
263 3304 332 3356 quos
359 3332 365 3344 .
386 3333 392 3346 .
413 3329 419 3343 .
439 3290 610 3343 conduxerat
634 3314 669 3333 =
722 3297 807 3357 atque
826 3288 919 3355 inopia
938 3286 1036 3341 reficit.

83 3384 114 3429 et
133 3376 196 3429 cum
215 3377 257 3442 iis,
277 3392 344 3443 quos
364 3418 369 3429 .
390 3415 397 3431 .
418 3418 424 3431 .
443 3378 623 3434 conduxerat.
758 3383 783 3431 2.
803 3377 859 3430 siue
878 3418 884 3431 .
904 3417 911 3430 .
931 3416 936 3428 .
957 3376 1024 3439 siue,
1049 3375 1138 3428 selten
1158 3373 1203 3427 fiir
1227 3373 1304 3430 si...
1342 3382 1343 3385 ’

120 3467 148 3517 4.
167 3469 286 3530 quercet
305 3470 468 3530 quamaute
486 3465 556 3518 diem
574 3466 605 3517 iu
624 3480 668 3519 ca·
723 3458 787 3531 sive,
808 3463 842 3517 ob
862 3504 868 3517 .
889 3506 896 3520 .
917 3504 922 3516 .
942 3463 1009 3517 oder
1028 3462 1073 3527 ob,
1092 3460 1315 3529 cf.Verg.Aen..

83 3556 148 3603 stra
174 3550 278 3605 adduci
295 3551 376 3624 uelit,
403 3552 531 3620 obgleicln
551 3554 669 3621 imperat
722 3552 743 3605 Ι.
757 3554 810 3605 218
824 3550 907 3617 dubii,
927 3548 975 3604 seu
993 3551 1085 3605 vivere
1104 3536 1231 3622 credant,
1249 3550 1306 3603 sire

83 3639 171 3692 sehon
185 3639 229 3692 ein
240 3638 343 3718 Objekt
353 3640 409 3707 hat,
427 3655 459 3693 so
467 3640 532 3694 vird
542 3640 668 3695 dasselbe
722 3646 847 3693 extrema
865 3639 937 3706 psti3
957 3639 1025 3691 iiber
1044 3637 1093 3691 das
1112 3638 1307 3702 interrogative

84 3727 175 3781 durch
213 3727 292 3781 einen
329 3726 486 3804 indirekten
518 3729 669 3794 Fragesatz
724 3728 749 3782 si
767 3726 802 3781 cf.
821 3726 854 3781 E.
876 3727 982 3785 S.·281.
1008 3730 1122 3780 titum.
1143 3727 1169 3781 S.
1190 3726 1234 3780 W.
1256 3728 1306 3779 166

83 3815 175 3868 nither
194 3814 344 3878 bestimmt3
372 3831 451 3882 quem
470 3840 504 3859 =
518 3824 670 3884 quantum.
724 3817 758 3869 A.
778 3819 794 3869 2
813 3816 878 3890 Zus.
898 3845 932 3853 —
949 3814 1303 3869 mauimcueccssariotcm·

123 3905 149 3955 5.
167 3901 371 3970 Nitiobrogum,
390 3902 424 3957 cf.
442 3919 465 3959 c.
490 3908 521 3957 7,’
540 3909 563 3957 1.
584 3933 614 3941 -
635 3904 670 3956 ab
720 3918 798 3971 pora,
818 3920 886 3969 „zur
899 3902 960 3957 Zeit
975 3902 1023 3956 der
1035 3902 1160 3968 grdfsten
1172 3885 1309 3967 Not“,=cf.

83 3995 187 4044 acuatu
205 3995 299 4043 uostro
312 3991 416 4047 amicus
428 3996 488 4044 crat
503 3988 670 4058 'appellatus
725 3992 748 4045 I.
768 3994 809 4045 16.
830 3993 854 4044 6.

83 4078 320 4133 einebesondere
339 4080 550 4147 Auraeicbnung
568 4080 671 4133 seitens
762 4082 785 4132 3.
805 4078 908 4147 stupuit
927 4076 1114 4145 magistratus,
1135 4076 1183 4129 der
1197 4076 1307 4130 oberste

83 4168 136 4221 der
155 4160 319 4232 Romer,.cf.
335 4165 358 4221 I.
372 4171 396 4221 3.
405 4172 431 4220 4.
444 4166 670 4234 ÷couduacrat
725 4166 850 4233 Beamte,
892 4165 1010 4220 velcher
1035 4164 1157 4233 janrlich
1190 4165 1309 4231 gevehlt
1365 4188 1368 4195 ⁴

82 4255 146 4310 scil.
165 4253 301 4320 mercede,
320 4255 354 4308 cf.
373 4254 409 4309 H.
431 4260 453 4310 l.
472 4259 490 4307 4
509 4254 541 4311 V.
560 4260 603 4309 27.
622 4258 648 4309 8.
725 4253 827 4319 warde,
841 4252 1110 4320 hiefsvergobretus‚
1130 4253 1164 4307 cf.
1178 4252 1200 4307 1.
1222 4255 1262 4307 16.
1283 4256 1308 4306 5.
