2934 4750
561 248 661 304 Comm.
682 249 716 310 V,
734 251 850 309 35-37.
1278 240 1318 300 35

94 389 160 456 Ille
192 389 371 472 appellatus
404 390 585 473 respondit:
628 389 664 456 Si
698 391 778 457 velit
811 409 920 458 secum
958 391 1111 475 colloqui,
1154 392 1304 473 licere32

94 514 232 579 sperare
255 513 274 560 a
296 496 500 562 multitudine
515 497 679 580 impetrari
694 515 799 580 posse,
822 498 907 580 quod
924 498 964 565 ad
980 499 1115 564 militnm
1131 497 1268 566 salutem

94 603 273 685 pertineat,
302 603 362 684 ipsi
386 621 460 669 voro
483 602 560 668 nihil
582 605 723 669 nocitum
744 603 795 685 iri,
818 605 913 686 inque
935 623 1005 670 eam
1028 624 1095 670 rem
1119 623 1153 670 so
1177 623 1268 670 suam

95 706 196 773 fidem
219 709 431 790 interponere.
468 707 527 774 Ille
551 728 622 775 cum
639 708 734 775 Cotta
756 710 864 776 saucio
888 711 1106 790 communicat,
1131 711 1159 777 si
1181 710 1303 777 vide-e

97 819 186 895 atur,
216 832 321 896 pugna
352 819 388 880 ut
410 814 566 880 excedant
589 819 621 880 et
644 832 715 881 cum
740 815 922 897 Ambiorige
945 835 1010 881 una
1032 815 1269 899 colloquantur:

98 938 234 1004 sperare
256 919 297 984 ab
321 938 358 985 eo
382 919 423 985 de
445 937 504 986 sua
525 939 563 985 ac
578 919 715 986 militnm
730 920 835 987 salute
850 922 1015 1003 impetrari
1031 940 1134 1005 posse.
1174 919 1270 988 Cotta

98 1046 138 1092 se
165 1026 207 1092 ad
233 1032 392 1106 armatum
420 1025 545 1092 hostem
572 1027 691 1091 iturum
718 1031 816 1109 negat
841 1031 938 1110 atque
960 1028 993 1093 in
1015 1046 1053 1093 eo
1076 1011 1268 1111 perseuerat.

193 1133 243 1198 37.
276 1129 423 1213 Sebinno,
453 1149 532 1213 quos
560 1131 592 1196 in
615 1133 800 1213 praesentia
822 1132 967 1198 tribunos
990 1133 1125 1198 militum
1149 1134 1268 1200 circum
1288 1149 1301 1202 1

101 1257 139 1303 se
161 1237 309 1319 habebat,
340 1244 373 1304 et
395 1239 569 1321 primorum
591 1238 739 1303 ordinum
762 1239 964 1304 centuriones
994 1257 1029 1304 se
1061 1239 1150 1321 sequi
1180 1239 1270 1304 iubet

104 1348 146 1422 et,
170 1361 239 1408 cum
263 1344 392 1426 propius
416 1343 631 1426 Ambiorigem
663 1344 859 1424 accessisset,
891 1345 995 1410 iussus
1026 1362 1117 1410 arma
1146 1345 1270 1410 abicere

106 1450 292 1530 imperatum
322 1448 398 1515 iacit
428 1450 566 1532 suisque,
597 1455 634 1514 ut
662 1448 748 1516 idem
779 1448 907 1531 iaciant,
939 1451 1084 1532 imperat.
1130 1450 1307 1530 Interim,2

107 1554 180 1618 dum
202 1555 242 1620 de
265 1555 503 1621 condicionibus
526 1556 610 1621 inter
632 1573 666 1619 so
692 1561 802 1636 agunt,
833 1554 1020 1638 longiorque
1053 1556 1197 1622 consulto
1229 1556 1270 1622 ab

105 1661 286 1744 Ambiorige
309 1661 487 1727 instituitur
509 1680 623 1742 sermo,
647 1661 802 1743 paulatim
821 1663 1054 1728 circumventus
1069 1661 1269 1730 interficitur.

103 1765 185 1831 Tum
201 1784 276 1832 vero
292 1784 350 1833 suo
365 1786 453 1833 more
468 1768 632 1833 victoriam
649 1767 851 1834 conclamant
867 1773 963 1850 atque
981 1767 1136 1834 ululatum
1153 1766 1270 1834 tollunt
1290 1788 1305 1838 3

102 1873 286 1954 impetuque
315 1873 348 1938 in
378 1881 505 1938 nostros
536 1871 622 1938 iacto
645 1873 772 1938 ordines
795 1873 994 1955 perturbant.
1041 1873 1090 1939 Ibi
1112 1875 1147 1942 L.
1172 1871 1304 1942 Cottas

105 1995 250 2059 pugnans
272 1975 462 2044 interficitur
477 1996 549 2044 cum
571 1980 708 2044 maxima
729 1984 824 2061 parte
846 1979 993 2045 militum.
1030 1979 1156 2062 Reliqui
1179 1997 1213 2044 se
1235 1980 1268 2044 in

106 2091 210 2150 castra
237 2083 408 2167 recipiunt,
439 2084 523 2149 unde
551 2089 643 2149 erant
674 2086 806 2167 egressi.
854 2083 903 2150 En
930 2086 1042 2168 quibus
1066 2085 1101 2153 L.
1126 2085 1303 2155 Petrosis

104 2189 174 2254 dius
205 2188 364 2270 aquilifer,
400 2207 472 2256 curn
506 2209 623 2273 magna
654 2191 859 2257 multitudine
891 2191 1028 2257 bostium
1060 2195 1267 2273 premeretur,

102 2295 243 2379 aquilam
270 2296 356 2360 intra
382 2294 499 2371 vallum
527 2297 670 2379 proiecit,
699 2297 767 2380 ipse
795 2315 854 2381 pro
884 2297 996 2364 castris
1019 2295 1190 2363 fortissime
1211 2315 1269 2381 pu-

101 2420 205 2484 gnans
220 2401 383 2468 occiditur.
406 2402 457 2468 Illi
473 2420 569 2485 aegre
592 2404 634 2469 ad
655 2411 782 2472 noctem
805 2404 1071 2487 oppugnationem
1094 2404 1303 2483 sustinent36

137 2648 185 2703 36.
216 2651 240 2701 2.
254 2664 373 2716 operare,
387 2647 487 2702 ebenso
500 2647 516 2719 ξ
530 2652 545 2703 3
559 2665 682 2717 sperare,
741 2650 786 2703 ein
796 2648 1044 2719 Siegesgeschrei“,
1058 2649 1092 2704 ci.
1103 2649 1152 2704 Os.
1161 2650 1228 2704 Met.
1236 2650 1257 2704 1.
1269 2652 1321 2703 560

102 2735 138 2790 cf.
152 2752 175 2789 c.
188 2738 231 2790 29.
245 2740 270 2792 2.
281 2767 314 2776 -
325 2753 343 2790 a
353 2736 528 2791 multitudine
541 2737 684 2805 impetrari
738 2752 799 2791 cum
812 2738 886 2792 laeta
899 2738 1064 2808 triumphum
1076 2754 1130 2791 vox
1142 2744 1231 2793 cenet.
1250 2736 1283 2791 E.
1293 2736 1319 2791 S.

96 2838 187 2893 posse,
199 2823 232 2879 cf.
243 2841 265 2878 c.
277 2828 321 2879 27.
332 2827 348 2878 3
361 2840 464 2893 suaque
481 2825 612 2881 eiusmodi
622 2841 683 2881 esso
739 2828 788 2880 131
804 2841 828 2881 a.
850 2826 876 2880 S.
885 2824 930 2881 W.
945 2830 996 2880 192
1015 2826 1079 2880 Zns.
1093 2830 1118 2880 3.
1131 2840 1155 2879 a.
1173 2824 1320 2890 Derartige

100 2912 229 2981 imperia,
248 2918 279 2967 ut
298 2929 351 2966 non
371 2913 461 2967 minus
480 2912 597 2968 haberet
616 2915 683 2970 iuris
738 2912 964 2983 brachylogische
977 2913 1138 2967 Ausdrllclre
1158 2911 1247 2966 linden
1261 2912 1320 2965 sich

100 3002 130 3054 in
150 3016 181 3054 se
199 3000 344 3055 multitudo
364 3017 444 3069 quam
466 3002 526 3069 ipso
545 3003 573 3056 in
593 3002 684 3057 multi·
738 3002 807 3056 auch
820 3002 856 3055 im
869 3002 975 3069 Passis,
991 3016 1021 3055 so
1035 3000 1095 3055 dass
1109 3001 1158 3055 das
1174 3004 1320 3067 ursprdng·

100 3087 231 3141 tudinem.
245 3088 386 3143 Demnach
396 3089 622 3145 batteAmbiorix
632 3108 684 3146 nur
738 3088 810 3144 liobe
824 3090 899 3143 verb.
913 3090 1048 3143 intransit.
1062 3106 1123 3142 zum
1137 3089 1257 3154 transit,
1271 3088 1320 3141 der

101 3175 164 3229 eine
188 3174 375 3231 beschritnkte
393 3177 490 3231 Macht
515 3178 582 3233 uber
609 3181 684 3234 seins
738 3179 901 3233 attributive
921 3182 1018 3232 Accus.
1037 3192 1097 3231 zum
1112 3176 1318 3245 Objektsaccus.

101 3262 381 3331 Stammeagenossen.
395 3295 429 3303 —
447 3268 529 3333 inqua
543 3284 602 3319 cam
620 3284 683 3334 raa,
738 3267 883 3334 geworden
902 3266 945 3331 ist,
973 3264 1006 3320 ci.
1026 3264 1051 3320 b.
1071 3282 1094 3319 c.
1114 3264 1135 3320 1.
1155 3267 1198 3319 66.
1217 3270 1320 3319 avesa

101 3351 136 3406 ci.
155 3351 300 3410 V11.ro.2
320 3352 407 3422 deque
426 3354 478 3409 bis.
497 3354 530 3411 E.
545 3355 572 3410 S.
586 3359 645 3411 313.
660 3362 683 3412 1.
739 3354 914 3421 conclamari,
939 3352 989 3408 III.
1012 3357 1054 3420 37,
1073 3357 1091 3406 4
1113 3352 1187 3407 vasis
1212 3353 1320 3408 concla-

99 3438 129 3493 ὃ.
145 3440 189 3494 W.
210 3444 269 3495 153.
290 3446 313 3496 1.
738 3444 829 3509 matis,
855 3442 933 3497 Ovio.
953 3442 1019 3497 Met.
1039 3440 1110 3496 XIV.
1131 3444 1182 3496 397
1201 3441 1319 3495 clamato

138 3530 161 3581 3.
181 3530 378 3583 comrrruaicat.
394 3569 400 3582 .
414 3570 420 3584 .
432 3535 464 3582 at
491 3529 631 3596 excedant,
656 3532 683 3583 in
738 3546 820 3598 saepe
839 3547 890 3599 per
909 3545 990 3598 agros
1009 3530 1170 3597 nequiquam
1190 3529 1266 3584 Pico.
1286 3558 1319 3568 -

103 3614 151 3669 der
170 3616 328 3684 blitteilung
345 3617 392 3686 lag
403 3618 526 3686 augleich
546 3618 682 3672 eineAuf·
737 3634 787 3671 suo
796 3634 877 3672 more.
891 3618 1048 3671 Ammianus
1060 3617 1236 3671 Marcellinus
1245 3616 1319 3669 XVI.

103 3703 263 3772 forderung.
738 3710 779 3763 12.
790 3708 824 3759 43
836 3706 951 3773 erzltblt,
965 3706 1024 3760 dals
1042 3706 1085 3760 ein
1096 3704 1203 3759 solobes
1212 3704 1319 3771 Sieges·

136 3790 183 3845 37.
231 3798 254 3846 1.
286 3792 318 3845 ia
343 3794 502 3861 praesentia
531 3794 594 3860 „fur
630 3794 682 3848 den
737 3794 863 3861 gescbrei
896 3795 944 3848 der
976 3793 1078 3847 Gallier
1109 3794 1156 3846 mit
1194 3792 1317 3846 leiserem

100 3878 284 3947 Augenbliclr‚
303 3881 416 3948 grade“.
437 3910 470 3919 -
486 3882 681 3950 propiusAm·
737 3882 882 3937 Brummen
910 3883 1034 3950 begann,
1065 3881 1220 3935 allmltblicb
1252 3881 1319 3935 aber

100 3966 231 4037 biorc'pem
254 3969 416 4035 accessisset,
447 3968 482 4024 cf.
512 3970 572 4029 VII.
597 3972 640 4025 20.
665 3974 681 4025 3
737 3974 832 4025 immor
845 3971 935 4025 lauter
948 3970 1049 4038 wurde,
1069 3970 1112 4023 bis
1126 3985 1155 4023 es
1171 3969 1230 4022 dem
1244 3967 1317 4022 Don-

100 4055 175 4123 quod
203 4058 316 4126 propius
340 4056 479 4111 Romanos
510 4060 682 4113 accessisset.
735 4056 1319 4126 nerderWogenglicb,wennsiebrandend

99 4144 133 4197 E.
144 4142 171 4197 S.
188 4148 236 4198 142
250 4149 363 4201 Anmd.
383 4145 409 4199 S.
421 4146 464 4201 W.
474 4148 568 4201 2012.
581 4147 644 4201 Zus.
655 4151 681 4201 2.
735 4162 771 4201 an
789 4146 908 4215 Klippen
927 4144 982 4199 und
1000 4144 1071 4199 Riffe
1092 4144 1230 4213 schlagen.

135 4235 160 4286 3.
179 4232 324 4288 victoriam
343 4233 512 4287 conclamant
531 4258 565 4278 =
582 4235 681 4288 clamo·
771 4238 795 4289 6.
814 4234 872 4301 Illi,
892 4234 935 4288 die
954 4235 982 4287 in
996 4232 1044 4289 das
1059 4234 1149 4301 Lager
1165 4233 1317 4299 zurticlrge·

99 4336 155 4374 rem
166 4322 299 4375 uictoriae
309 4320 479 4377 conclamant
493 4323 550 4389 ,sie
561 4322 681 4377 erheben
733 4322 826 4377 floben
839 4338 939 4377 waren.
951 4348 981 4361 -
997 4320 1034 4374 ad
1045 4336 1129 4373 unum
1142 4336 1233 4374 omnes
1246 4320 1318 4387 „alle

1185 4424 1212 4466 ³.
