2934 4750
534 165 592 220 Lib.
612 165 634 222 1.
669 169 785 222 25-28.
1221 154 1265 215 43

13 285 14 300 ¹
67 310 232 374 occisorum
247 308 348 374 nostri
363 307 504 373 triduum
518 307 634 372 moreti
647 324 701 374 eos
715 308 804 388 sequi
816 323 880 374 non
891 309 1077 389 potuissent.
1094 305 1211 374 Osesor
1229 327 1248 378 6

13 395 14 448 3
67 414 101 478 ed
122 412 281 496 Lingonas
309 413 434 478 litteras
461 413 649 495 nuntiosque
681 413 776 491 misit,
807 431 847 478 ne
874 431 929 480 eos
951 411 1109 479 frumento
1133 431 1211 478 neve

65 517 120 582 elie
142 537 178 584 re
200 520 360 584 iuvarent:
384 519 438 600 qui
453 517 481 584 si
496 519 658 598 iuvissent,
682 535 716 584 se
732 518 842 584 codem
857 518 936 599 loco,
960 537 1023 600 qno
1038 517 1210 597 Helvetios,

65 624 247 692 habiturum.
293 625 365 707 lpse
394 624 499 690 triduo
533 625 713 690 intermisso
746 643 817 690 cum
852 625 996 691 omnibns
1031 625 1127 706 copiis
1157 642 1211 690 eos

64 730 146 809 sequi
170 731 282 811 coepit.

146 839 198 903 27.
221 834 359 901 Helvetii
382 836 519 902 omnium
542 853 648 900 rerum
671 836 779 917 inopis
801 835 930 901 adducti
952 835 1075 918 legatos
1098 835 1137 900 de
1158 835 1243 906 der

64 939 174 1006 ditione
196 941 237 1006 nd
260 959 331 1006 eum
354 943 519 1010 miserunt.
556 941 617 1020 Qui
639 959 710 1008 cunr
726 959 799 1006 eum
815 942 847 1005 in
862 942 978 1007 itinere
992 942 1248 1010 convenissentn

13 1083 14 1096 .
63 1062 151 1126 seque
173 1046 216 1111 nd
239 1047 334 1129 pedes
356 1047 562 1130 proiecissent
584 1046 833 1129 suppliciterque
854 1046 951 1113 locuti
972 1045 1082 1112 flentes
1100 1062 1211 1128 pscern

13 1159 15 1246 ,
63 1151 221 1233 petissent,
244 1157 339 1234 etque
359 1153 461 1220 cosin
477 1171 513 1218 eo
529 1152 607 1232 loco,
630 1170 693 1234 quo
708 1157 909 1228 tumescent,
932 1170 1026 1218 suum
1040 1152 1211 1216 adventum

13 1275 14 1344 ι
63 1263 241 1337 exspectare
262 1258 416 1338 iussisset,
440 1261 621 1340 paruerunt.
657 1257 704 1324 Eo
727 1263 895 1340 postquem
917 1255 1036 1324 (leesor
1058 1255 1250 1339 pervenite

13 1351 15 1400 t
63 1361 192 1442 obsideo,
217 1381 313 1444 ormo,
337 1381 455 1443 servos,
479 1365 533 1445 qui
555 1365 596 1430 ed
619 1381 672 1430 eos
695 1363 916 1445 perfugissent,
940 1363 1091 1445 poposcit.
1128 1361 1250 1432 Dnnrt

13 1537 14 1542 ,
62 1484 94 1530 en
116 1469 344 1549 conquiruntur
366 1474 400 1534 et
422 1469 634 1549 conteruntur,
658 1476 752 1535 nocte
774 1469 956 1536 intermisso
975 1469 1098 1534 circiter
1111 1467 1211 1530 honri·

13 1569 15 1654 ,
63 1589 130 1636 num
152 1573 242 1638 milis
257 1574 301 1639 VI
324 1574 390 1640 eins
413 1575 497 1658 pegi,
521 1576 574 1656 qui
590 1575 786 1656 Verbigenus
800 1575 990 1657 appelletur,
1012 1575 1079 1638 sive
1100 1574 1212 1638 timore

62 1679 229 1759 perterriti,
264 1698 304 1744 ne
337 1681 433 1745 armis
464 1680 590 1764 truditis
623 1680 777 1764 supplicio
807 1677 1026 1760 afficerentur,
1060 1679 1126 1743 sive
1156 1695 1212 1759 spe

13 1827 14 1874 ι
63 1782 168 1850 solutis
197 1783 327 1867 inducti,
359 1785 443 1866 quod
471 1787 503 1850 in
533 1790 624 1851 tento
653 1785 856 1851 multitudine
883 1785 1101 1850 dediticiorum
1123 1801 1212 1850 suem

13 1913 14 1932 ι
62 1885 160 1970 iugem
194 1897 251 1955 aut
280 1891 431 1971 nccndteri
458 1897 515 1956 aut
543 1892 669 1956 omniuo
696 1891 836 1972 ignorari
864 1907 956 1973 posse
985 1890 1211 1967 existimarent,

63 1994 157 2072 prime
179 2001 313 2062 noctes
337 1997 448 2062 castris
470 1995 686 2062 Helvetiorum
709 1997 828 2078 egressi
850 1997 892 2061 od
907 1995 1051 2061 Rhenum
1072 1993 1213 2077 finesque

64 2097 286 2166 Germanorum
310 2103 549 2170 contenderunt.

13 2275 14 2282 ,
143 2211 198 2273 28.
223 2207 314 2285 Quod
337 2208 390 2273 ubi
405 2205 522 2274 Caesar
544 2209 660 2291 resciit,
683 2227 816 2290 quornm
838 2226 896 2290 per
917 2206 996 2273 fines
1019 2209 1130 2287 ierunt,
1153 2205 1212 2288 his,
1232 2227 1246 2276 r

13 2325 14 2377 ι
64 2311 104 2375 uti
125 2313 350 2395 conquirerent
372 2320 405 2380 et
427 2313 623 2395 reducerent,
647 2315 675 2380 si
697 2314 758 2381 sibi
772 2302 906 2397 'purgati
921 2332 992 2380 esse
1007 2312 1134 2394 velient,
1157 2312 1210 2377 irn-

64 2420 198 2497 pernvit:
230 2419 377 2484 reductos
406 2420 440 2484 in
468 2419 605 2485 hostium
632 2438 764 2485 numero
786 2420 911 2499 hebuit3
946 2419 1082 2501 reliquos
1105 2434 1252 2485 omnesr

65 2596 126 2603 -k

93 2718 116 2770 6.
141 2716 299 2786 Liopdnde.
329 2704 404 2773 Uber
421 2717 465 2771 die
484 2717 568 2771 Form
588 2716 634 2772 des
688 2718 746 2773 hut.
770 2716 804 2772 cf.
828 2717 854 2772 b.
880 2734 903 2772 c.
926 2717 947 2776 1
971 2721 1030 2772 25
1055 2717 1083 2769 in
1102 2713 1269 2784 perniciosis

13 2808 14 2879 q
67 2804 120 2857 dcc.
140 2804 175 2858 ci.
196 2820 230 2857 zu
248 2819 271 2858 c.
292 2806 331 2858 14.
351 2807 375 2859 3.
403 2834 437 2844 -
465 2804 635 2859 eodemdoco
688 2805 794 2874 legibus
819 2813 870 2860 etc.
902 2834 935 2872 -.
965 2804 1154 2858 existimarent
1178 2801 1213 2855 ci.
1231 2817 1268 2853 zu

65 2889 153 2945 teter-e
178 2892 299 2962 „eberiso
323 2894 486 2949 betrechten
504 2893 578 2959 els“;
606 2896 634 2949 in
688 2909 710 2948 c.
729 2896 773 2948 23.
791 2896 816 2947 3.
844 2923 876 2934 -
905 2894 1015 2947 omnino
1031 2890 1161 2960 iquorare'
1180 2903 1269 2957 ,gene

66 2976 146 3035 dieser
165 2980 328 3049 Bedeutung
351 2980 437 3038 findet
455 2981 513 3037 sich
532 2982 635 3037 souohl
686 2981 850 3036 unbemerkt
868 2980 1002 3037 bleiben“.
1020 3008 1053 3019 -
1074 2977 1170 3046 prima
1187 2981 1270 3030 noete

67 3063 107 3119 der
129 3067 218 3122 bloise
243 3068 304 3123 Abi.
331 3067 392 3123 loco
417 3067 483 3125 oder
510 3084 633 3135 numero,
688 3068 723 3127 of.
742 3086 776 3122 zu
794 3085 817 3122 c.
834 3072 878 3123 22.
898 3072 922 3123 1.

67 3151 95 3207 ⁰f·
121 3155 167 3209 Vl·
198 3158 223 3211 6·
247 3158 263 3210 3
297 3155 339 3210 ³¹⁸
368 3156 440 3212 ⁸¹1⁰h
476 3156 519 3211 die
552 3157 634 3225 Prii)-
687 3182 709 3227 s
723 3172 770 3227 28.
804 3179 827 3229 l.
844 3172 937 3227 resciit
956 3188 1003 3240 „er
1020 3170 1119 3225 erhielt
1138 3170 1181 3225 die
1200 3168 1269 3237 tihtn

67 3241 89 3293 in
105 3242 138 3296 cf.
158 3259 181 3298 o.
200 3246 243 3297 28.
262 3246 287 3301 2.
312 3273 346 3283 -
371 3244 465 3301 triduo
483 3245 635 3299 intermisso
688 3260 897 3331 zukommende)
927 3260 1051 3317 Kunde“.
1099 3260 1181 3315 Dim
1210 3262 1269 3313 An.

68 3332 145 3395 »ΠΜ
164 3331 224 3386 (¹105
242 3332 362 3400 T820¹1“·
689 3349 829 3418 scheuung
848 3350 916 3417 liegt
934 3348 976 3405 oft
994 3349 1046 3404 den
1065 3348 1197 3417 Kompos.
1215 3348 1271 3401 mit

58 3434 65 3473 t
95 3434 139 3497 27.
169 3442 194 3491 2.
219 3444 299 3505 atque
322 3437 454 3494 iussuset.
489 3425 564 3493 Uber
585 3437 636 3492 den
689 3453 720 3492 re
738 3455 774 3492 zu
792 3437 912 3507 Grunde,
934 3454 959 3493 z.
978 3438 1008 3493 B.
1028 3436 1064 3491 ed
1082 3442 1204 3492 senetnm
1224 3451 1269 3490 re·

69 3522 186 3581 Wechsel
207 3527 254 3582 des
272 3526 347 3597 Subi.
366 3526 399 3582 cf.
419 3543 443 3582 c.
463 3530 504 3584 18.
522 3529 547 3580 2.
631 3564 632 3567 ι
688 3524 771 3581 ferre.
791 3554 822 3565 -
843 3513 1271 3593 qoorom.iiberdiesre11unq

97 3617 119 3666 4.
137 3630 177 3679 eo,
197 3614 245 3669 nni
261 3630 338 3671 arms
356 3615 412 3669 und
430 3630 525 3670 servos
535 3612 635 3682 bendg·
690 3612 739 3669 des
762 3612 966 3669 Ablntirsetzes
994 3613 1030 3669 cd.
1054 3630 1078 3668 c.
1104 3616 1144 3667 12.
1169 3615 1195 3667 6.
1231 3640 1269 3650 -—

69 3698 123 3754 lieh.
148 3732 179 3741 -
205 3707 282 3756 docte
299 3702 457 3757 intermisso
476 3702 528 3773 ,dc
545 3702 635 3759 inzwi·
689 3703 880 3770 conquirerent
898 3708 923 3756 et
940 3702 1106 3758 reducerent.
1129 3701 1186 3755 Das
1205 3698 1265 3768 onj.

70 3788 144 3843 schen
170 3791 214 3846 die
238 3792 330 3847 Necht
356 3792 526 3860 eingstreten
554 3788 635 3846 wer“.
688 3792 726 3845 ist
745 3791 829 3846 deicht
846 3808 882 3845 ιιι
900 3797 1043 3860 ergtinzen.
1068 3819 1098 3826 -
1123 3787 1176 3839 sibi
1194 3802 1270 3853 por·

71 3904 97 3912 -
114 3878 144 3930 tre
160 3884 239 3932 tanta
256 3878 433 3933 multitudine
445 3879 507 3948 ,bei
519 3880 593 3933 einer
606 3892 635 3932 so
688 3880 749 3947 poti
776 3896 842 3949 ,ror
866 3880 922 3933 ihm
950 3876 1190 3947 genechtfertigt“;
1221 3875 1267 3929 bei

71 3965 171 4029 grossen
189 3968 313 4035 drengot
338 3968 390 4033 Die
408 3968 490 4037 Prtp.
515 3969 543 4022 in
561 3967 635 4021 steht
688 3982 807 4035 purgare
833 3968 907 4021 steht
934 3968 979 4021 die
1002 3967 1120 4031 Person,
1145 3979 1194 4018 vor
1218 3962 1270 4018 der

71 4047 152 4121 tdufig
180 4071 228 4109 nur
258 4054 451 4127 Bezeichnnng
481 4056 530 4110 der
561 4056 635 4123 Lege
689 4069 753 4108 men
789 4055 847 4109 sich
883 4052 1072 4119 rechtfertigt,
1107 4052 1144 4104 im
1174 4051 1267 4105 Datin.

71 4139 118 4193 und
139 4142 186 4197 der
204 4142 404 4211 Verhdltnisse,
428 4159 459 4198 so
482 4142 541 4197 dcis
565 4143 593 4196 in
612 4158 634 4196 c.
689 4140 723 4198 ci.
755 4142 782 4199 b.
813 4158 836 4197 c.
865 4143 887 4195 l.
918 4144 943 4195 8.
973 4143 989 4195 3
1026 4139 1139 4193 Caesari
1166 4154 1268 4208 purge·

71 4225 124 4282 Aul.
143 4231 183 4286 die
199 4231 340 4286 Funktion
359 4233 434 4287 eines
447 4231 634 4287 Nebensetzes
688 4237 753 4284 tum.
