2934 4750
544 255 606 312 Lib.
625 255 672 312 IV.
708 259 822 312 34-38.
1249 244 1289 304 55

76 395 295 460 subiciendam
308 414 371 460 non
382 397 591 464 existimabat.
616 397 688 478 Ipse
699 398 848 464 idoneam
864 403 1088 480 tempestatem
1104 401 1237 464 nanctus
1257 411 1273 462 a

77 499 175 581 paulo
197 506 270 582 post
291 501 426 566 mediam
450 511 574 568 noctem
596 521 694 569 naves
711 503 820 585 solvit;
844 523 925 587 quae
941 522 1050 570 omnes
1064 504 1238 570 incolumes
1257 516 1274 565 4

77 605 118 670 ad
147 607 360 672 continentem
391 617 618 689 pervenerunt;
650 609 706 674 sed
735 629 773 674 ex
803 610 842 675 iis
873 611 1037 676 onerariae
1065 611 1146 674 duae
1170 629 1238 675 eos·

80 713 162 791 dem,
186 731 265 794 quos
287 713 410 795 reliqui,
433 718 545 796 portus
569 734 682 798 capere
704 734 767 782 non
790 723 961 798 potuerunt
984 723 1016 780 et
1039 716 1133 799 paulo
1157 715 1238 780 infra

79 818 208 885 delatae
230 826 312 885 sunt

168 930 220 991 37.
243 926 363 1002 Quibus
386 946 425 991 ex
447 927 579 992 navibus
603 947 671 991 cum
695 935 803 992 essent
825 929 959 1010 expositi
982 926 1097 992 milites
1113 928 1271 993 circiter1

78 1032 214 1097 trecenti
242 1037 339 1114 atque
359 1033 393 1097 in
416 1039 523 1098 castra
545 1033 780 1114 contenderent,
809 1033 934 1114 Morini,
964 1052 1043 1115 qnos
1066 1032 1184 1098 Caesar
1207 1035 1236 1098 in
1293 1101 1294 1104 ,

77 1138 276 1203 Britanniam
300 1137 500 1219 proficiscens
522 1146 652 1221 pacatos
675 1139 857 1222 reliquerat,
881 1158 936 1222 spe
957 1139 1094 1222 praedae
1110 1139 1238 1205 adducti

77 1245 182 1326 primo
203 1262 267 1308 non
295 1245 341 1310 ita
368 1263 482 1326 magno
513 1263 641 1312 suorum
669 1258 801 1310 numero
833 1249 1110 1312 circumsteterunt
1134 1264 1181 1326 ac,
1212 1246 1238 1308 si

77 1367 149 1414 sese
178 1348 312 1416 interfici
342 1350 472 1430 nollent,
505 1370 595 1416 arma
622 1369 741 1433 ponere
770 1353 940 1418 iusserunt.
987 1349 1067 1416 Cum
1094 1350 1141 1417 illi
1163 1351 1273 1417 orbea

77 1455 163 1521 facto
186 1473 256 1521 sese
279 1454 491 1539 defenderent,
515 1457 663 1523 celeriter
684 1459 726 1522 ad
749 1457 915 1523 clamorem
935 1457 1097 1522 bominum
1113 1457 1240 1523 circiter

79 1561 167 1627 milia
200 1580 256 1627 sex
289 1569 512 1640 convenemnt.
559 1563 629 1642 Qua
664 1583 697 1629 re
727 1565 874 1628 nuntiata
897 1562 1016 1628 Caesar
1046 1581 1170 1628 omnem
1202 1581 1239 1627 ex

80 1668 195 1733 castris
224 1669 398 1749 equitatum
433 1670 499 1734 suis
531 1669 647 1734 auxilio
680 1669 776 1734 misit.
829 1669 960 1734 Interim
993 1668 1094 1733 nostri
1125 1667 1273 1732 militesa

80 1775 232 1856 impetum
263 1773 401 1868 hostium
430 1776 650 1840 sustinuerunt
679 1784 774 1857 atque
805 1775 941 1858 amplius
972 1774 1058 1838 boris
1090 1781 1240 1856 quattuor

79 1878 250 1945 fortissime
274 1886 496 1962 pugnaverunt
517 1886 551 1946 et
572 1881 681 1962 paucis
704 1879 888 1945 vulneribus
911 1879 1048 1960 acceptis
1064 1871 1239 1960 complures

83 2003 122 2050 ex
144 1985 191 2051 bis
214 1985 405 2052 occiderunt.
445 1985 560 2052 Postea
582 2005 657 2051 vero
681 2006 775 2069 quam
788 1987 957 2068 equitatus
982 1993 1089 2050 noster
1110 1985 1143 2050 in
1166 2003 1239 2050 con·
1259 1997 1275 2048 4

83 2097 226 2172 spectum
248 2092 343 2171 venit,
368 2091 476 2158 hostes
499 2094 631 2159 abiectis
646 2094 743 2159 armis
758 2101 849 2176 terga
865 2075 1029 2158 verterunt
1043 2109 1240 2174 magnusque

80 2215 191 2262 eorum
213 2217 362 2263 numerus
385 2207 434 2263 est
458 2199 589 2266 occisus.
961 2281 962 2284 Ἴ

170 2309 222 2370 38.
252 2302 371 2370 Caesar
392 2309 519 2387 postero
542 2305 594 2369 die
615 2305 721 2370 Titum
745 2305 917 2370 Labienum
941 2303 1083 2388 legatum
1106 2321 1179 2368 cum
1201 2303 1239 2367 iis
1261 2314 1273 2363 1

78 2411 267 2492 legionibus,
290 2429 369 2495 quas
392 2432 430 2477 ex
452 2412 618 2477 Britannia
641 2413 819 2492 reduxerat,
843 2414 874 2477 in
891 2410 1040 2491 Morinos
1063 2412 1117 2491 qui
1139 2409 1239 2477 rebel-

79 2518 196 2582 lionem
226 2518 377 2600 fecerant,
407 2520 501 2586 misit.
553 2520 614 2598 Qui
643 2538 714 2584 cum
745 2525 874 2602 propter
897 2510 1056 2584 siccitates
1079 2516 1274 2599 paludum,a

79 2660 202 2667 ...ω-»-

80 2744 118 2803 oi.
142 2761 163 2799 a
180 2750 222 2801 31.
241 2750 266 2800 2.
296 2777 328 2787 -
354 2746 538 2803 amiciendam
557 2750 659 2818 „prais
714 2750 800 2818 pitius
813 2749 849 2802 im
862 2748 951 2816 ltagsr
963 2747 1042 2802 batte
1053 2745 1109 2801 und
1122 2745 1175 2815 die,
1191 2744 1293 2800 welche

77 2835 195 2903 geben“.
713 2838 810 2893 weiter
820 2836 1016 2891 naohWesten
1029 2833 1216 2900 versohlagem
1236 2839 1295 2887 erat

115 2925 143 2981 4.
160 2922 269 2992 reliqui,
288 2930 357 2979 statt
375 2924 425 2979 der
437 2924 540 2980 Schiffe
559 2926 602 2980 die
613 2928 663 2980 aul
714 2926 869 2994 spatarius
888 2924 978 2992 Lager
995 2923 1155 2990 genommen
1173 2936 1238 2976 war.

78 3011 134 3067 den
146 3011 265 3067 Sehiffen
282 3012 464 3068 bedndlicben
479 3014 616 3069 Soldaten.
627 3044 659 3052 -
751 3018 774 3070 3.
787 3012 907 3080 amplius
919 3010 994 3065 boru's
1006 3014 1145 3079 quattuor,
1159 3007 1294 3063 entweder

77 3099 262 3155 coaciam
281 3106 398 3169 portua,
423 3101 473 3156 dsr
495 3102 585 3157 Hafen
609 3118 661 3159 ron
714 3124 747 3147 =
779 3101 898 3170 amplius
929 3115 1010 3168 quam
1040 3098 1123 3154 boras
1155 3104 1293 3166 quattuor,

82 3188 233 3256 Boulogne.
247 3218 278 3228 -
291 3191 380 3257 ,poulo
389 3190 477 3257 iufra,
489 3191 583 3245 weiter
593 3192 663 3245 nach
716 3191 783 3247 oder
796 3212 827 3235 =
842 3187 959 3257 amplius
972 3203 1053 3255 quam
1065 3186 1140 3241 boris
1154 3193 1293 3255 quattuor,

81 3276 181 3331 deen
715 3280 846 3335 letzteres
862 3294 912 3333 aur
925 3276 1039 3345 Angabe
1053 3274 1100 3330 des
1112 3275 1294 3346 Zeitraumes‚

242 3402 321 3488 1³³⁹·
345 3406 382 3470 ³⁷
403 3422 434 3470 ¹¹·
458 3404 504 3472 ³⁸·
713 3364 1293 3522 tffltlltlttttltttttltl

82 3523 262 3592 mmm&
273 3526 326 3581 ⁶0¹
333 3525 461 3581 ΠΟΥῙΜΙ·
469 3525 662 3594 ndlemplor.
713 3543 916 3599 tinenterhoris
924 3544 1049 3611 quinque.
1059 3542 1211 3598 balmae
1222 3540 1294 3609 quod

43 3665 76 3691 a
117 3631 164 3687 δῖ.
202 3637 226 3686 l.
243 3632 276 3685 iu
294 3638 396 3687 castro.
429 3632 479 3686 Bel
498 3632 589 3687 scincr
606 3632 660 3686 Ab·
708 3633 835 3700 quinque
854 3631 927 3685 boris
943 3631 1077 3699 proelium
1090 3630 1294 3685 sustinuissent

81 3719 160 3773 fahrt
188 3719 266 3775 hatto
297 3720 325 3778 C.
357 3722 401 3775 bei
428 3720 570 3788 Boulogne
599 3722 662 3775 eins
704 3743 723 3763 ν
750 3720 797 3775 38.
835 3723 858 3773 1.
882 3717 1058 3785 rebellionem,
1077 3718 1225 3786 eigentlich
1243 3718 1293 3773 Er·

81 3807 237 3877 Besstanng
256 3817 336 3864 unter
354 3808 491 3878 Sulpicius
509 3810 597 3864 Rufus
616 3827 661 3863 zn-
714 3824 856 3877 nenernng
874 3807 922 3862 des
938 3806 1056 3874 Krieges
1074 3807 1144 3863 nach
1162 3805 1295 3876 erfolgter

78 3896 288 3965 rllclrgelassen.
308 3896 342 3956 cf.
356 3915 379 3955 c.
391 3901 436 3952 22.
448 3900 473 3952 6.
489 3926 522 3938 -
542 3897 661 3964 Mortui,
715 3894 935 3963 Unterwerfung.
956 3894 989 3949 cf,
1002 3896 1051 3952 111.
1066 3899 1106 3953 10.
1116 3900 1134 3951 2
1146 3894 1294 3951 rebellione

78 3987 108 4039 in
124 3984 174 4040 der
186 3986 315 4056 beutigen
325 3986 458 4043 Picardie.
471 3986 505 4041 ci.
516 3987 567 4041 ΙΙΙ.
580 3988 623 4044 28.
637 3991 660 4040 1.
713 3983 788 4039 facta
805 3990 869 4052 post
888 3983 1062 4039 deditionem.

116 4076 143 4132 2.
168 4074 231 4128 orbe
247 4075 332 4142 facto,
356 4076 403 4129 ein
422 4074 507 4129 Garre
524 4091 575 4128 zur
593 4074 662 4129 Ver·
751 4077 777 4130 2.
803 4071 947 4137 siculotae,
973 4071 1022 4125 der
1047 4071 1135 4140 Plus,
1159 4072 1221 4128 weil
1244 4074 1293 4130 das

77 4160 224 4230 taidignng
248 4163 319 4217 nach
344 4162 418 4217 allen
437 4162 536 4217 Seiten
563 4192 598 4201 -
626 4162 664 4215 ud
715 4160 808 4216 Subst.
823 4159 984 4230 (paludum),
1003 4160 1101 4215 dassen
1114 4158 1294 4227 Eigenschaft

79 4250 663 4320 clamorem„anfdasGesohrei“.-omucm
716 4249 766 4304 das
793 4248 970 4303 Abstractnm
996 4249 1121 4318 angiebt,
1155 4249 1191 4302 im
1220 4249 1293 4307 Plur.

79 4338 240 4407 equitatum,
264 4338 310 4393 die
328 4338 459 4408 Reiterei,
483 4339 585 4395 welche
604 4338 663 4393 Sul·
716 4338 797 4393 steht.
822 4336 856 4391 ci.
876 4336 922 4394 Vl.
941 4341 983 4393 30.
1002 4340 1018 4395 3
1041 4337 1169 4394 silvarum
1191 4354 1224 4392 ac
1242 4337 1293 4393 flu·
