2934 4750
531 226 633 281 Comm.
654 227 714 282 vm
733 184 897 282 524st
1254 220 1292 280 51

77 384 151 445 neu,
177 365 262 446 quod
284 367 435 448 iniquitas
458 367 519 432 loci
535 369 706 451 attulisset,
728 369 762 434 id
777 370 887 436 virtuti
902 369 1040 436 hostium
1055 371 1241 452 tribuerent,
1345 369 1346 372 ’

76 471 192 536 eadem
216 472 256 536 de
278 471 474 552 profectione
497 475 647 555 cogitans,
671 492 752 555 quae
776 480 849 540 ante
872 483 1025 554 senserat,
1049 475 1189 556 legiones
1205 495 1243 541 ex

79 577 197 641 castris
220 577 328 641 eduxit
352 577 515 659 aciemque
538 579 651 644 idoneo
674 580 741 645 loco
758 580 931 645 coustituit.
978 578 1057 644 Cum
1075 581 1278 663 Vercingea

77 681 165 747 torix
186 681 284 747 nihilo
316 683 419 765 magis
446 684 479 747 in
511 703 648 765 aequum
679 685 784 750 locum
815 686 1032 767 descenderet,
1064 685 1128 751 levi
1158 685 1242 752 iacto

78 789 222 868 equestri
244 788 366 868 proelio
389 793 486 869 atque
508 807 546 854 eo
569 791 709 856 secundo
731 791 764 855 iu
779 796 886 856 castra
909 791 1083 856 exercitum
1106 791 1240 858 reduxit.

78 889 162 956 (lum
184 891 245 958 hoc
266 893 350 958 idem
372 895 501 974 postero
524 895 576 959 die
602 893 739 974 iecisset,
772 897 848 960 satis
878 896 921 961 ad
951 895 1107 961 Gallicam
1135 901 1241 962 osten·
1261 907 1276 958 3

77 998 234 1062 tationem
258 998 459 1062 minuendam
483 999 683 1081 militumque
709 1001 831 1065 animos
862 999 1091 1066 confirmandos
1124 1000 1243 1067 lactum

80 1104 266 1169 existimans
288 1104 321 1167 in
344 1104 495 1170 Haeduos
519 1107 616 1170 movit
638 1112 754 1174 castra.
800 1105 848 1171 Ne
864 1113 932 1171 tum
952 1105 1078 1187 quidem
1094 1107 1243 1172 insecutis
1261 1118 1279 1168 4

78 1208 227 1274 hostibus
249 1210 346 1274 tertio
370 1210 419 1274 die
442 1211 484 1274 ad
505 1208 623 1275 flumen
646 1211 763 1276 Elaver
778 1217 907 1292 pontem
923 1209 1026 1277 reficit
1042 1229 1141 1293 eoque
1156 1213 1260 1276 exart

78 1316 179 1379 citum
201 1305 349 1381 traducit.
1368 1314 1370 1318 ’

187 1424 239 1487 54.
277 1421 323 1485 lbi
348 1439 368 1484 a
392 1421 592 1486 Viridomaro
615 1428 712 1502 atque
735 1420 954 1504 Eporedorige
978 1421 1120 1487 Haeduis
1136 1422 1276 1504 appel-1

79 1525 164 1590 latus
196 1525 289 1591 discit
323 1545 396 1607 cum
428 1526 513 1592 omni
532 1527 690 1608 'equitatu
724 1526 920 1592 Litaviccum
953 1527 995 1590 ad
1026 1527 1243 1593 sollicitandos

79 1626 233 1696 Haeduos
249 1630 438 1713 proiectum:
454 1650 534 1714 opus
549 1650 620 1698 esse
635 1633 720 1713 ipsos
738 1633 922 1697 antecedere
938 1630 1243 1698 adconfirmandam
1262 1643 1278 1692 a

78 1737 253 1804 civitatem.
299 1736 370 1802 Etsi
393 1737 501 1802 multis
524 1738 587 1802 iam
617 1738 713 1825 rebus
741 1736 905 1820 perfidiam
937 1733 1140 1803 Haeduorum
1171 1755 1243 1819 per·

78 1847 223 1923 spectem
248 1842 385 1907 habebat
406 1848 502 1924 atque
533 1843 646 1910 horum
675 1845 816 1909 discessu
845 1843 1008 1935 maturari
1034 1841 1244 1908 deiectionem

78 1948 221 2012 civitatis
244 1935 455 2027 existimabat,
478 1953 586 2013 tamen
609 1967 664 2013 eos
699 1949 881 2014 retinendos
912 1966 974 2014 nou
1004 1943 1177 2029 constituit,
1204 1966 1243 2011 ne
1321 2030 1327 2040 ι

78 2058 139 2117 aut
160 2051 277 2117 inferre
299 2053 445 2118 iniuriam
475 2054 637 2119 videretur
667 2059 724 2118 aut
755 2053 845 2118 daret
871 2053 995 2118 timoris
1027 2053 1165 2134 ahquam
1191 2042 1257 2116 su?

78 2158 263 2240 spicionem.
308 2158 549 2224 Discedentibus
577 2158 626 2224 his
654 2159 793 2230 breviter
816 2177 875 2224 sua
902 2159 935 2222 in
960 2156 1109 2224 Haeduos
1132 2158 1279 2222 meritas

78 2264 245 2345 exposuit:
269 2247 349 2345 quos
365 2269 396 2328 et
412 2282 508 2343 quam
524 2263 659 2328 humiles
674 2264 858 2345 accepisset,
876 2263 1055 2345 compulsos
1072 2264 1103 2327 in
1119 2263 1244 2345 oppida,

79 2369 232 2435 multatos
255 2369 340 2451 agris
363 2370 506 2435 omnibus
530 2370 648 2451 ereptis
671 2370 784 2451 'copiis
817 2369 964 2452 imposito
995 2368 1162 2451 stipendio,
1190 2370 1245 2434 ob·

77 2476 202 2540 sidibus
224 2493 349 2540 summa
371 2494 442 2541 cum
466 2475 659 2541 contumelia
682 2476 825 2555 extortis
850 2480 883 2540 et
905 2494 1000 2557 quam
1023 2476 1056 2539 in
1083 2474 1244 2540 fortunam
1262 2484 1280 2535 4

116 2689 143 2739 2.
161 2690 243 2753 atque
261 2699 291 2737 eo
309 2683 435 2750 secundo,
453 2683 488 2738 cl.
507 2679 588 2756 E.·S.
607 2686 667 2738 aod.
721 2684 770 2739 des
794 2684 877 2738 Pron.
896 2684 1011 2751 aliquis,
1039 2684 1116 2737 nicht
1140 2682 1189 2737 das
1215 2683 1297 2737 unbe-

78 2776 162 2826 Anm.
180 2778 206 2826 2.
225 2773 253 2825 S.
273 2773 318 2826 W.
336 2776 398 2827 249.
416 2775 443 2825 8.
720 2774 871 2826 stimmtere
881 2774 950 2840 quis,
962 2773 1036 2825 steht
1044 2774 1071 2824 in
1082 2772 1142 2824 dem
1153 2771 1297 2837 negativen

117 2865 141 2913 3.
145 2859 339 2927 pellicanum
349 2860 388 2913 sie
396 2860 448 2913 den
454 2858 577 2913 Galliern
586 2860 664 2927 sigen
719 2860 885 2927 Finalsatze,
899 2859 959 2913 weil
971 2858 1122 2916 darauteiu
1132 2857 1299 2911 besonderer

78 2950 126 3013 ist,
137 2948 171 3001 el.
182 2965 205 3001 c.
216 2951 258 3001 47.
272 2951 288 3000 7
301 2947 517 3002 Avaricensibus
526 2948 663 3016 praemiis.
718 2946 886 3001 Naohdruck
905 2946 981 3007 ruht;
1004 2945 1032 2998 C.
1051 2945 1105 2999 will
1126 2945 1208 2999 ihuen
1227 2945 1297 2999 auch

115 3039 141 3088 4.
161 3033 300 3101 tertiode'e,
310 3050 344 3089 an
353 3034 664 3090 demzweite'nldarsch-
718 3034 793 3087 nicht
817 3036 898 3087 einen
924 3034 1062 3101 gewisscn
1089 3033 1229 3087 Anachein
1249 3032 1297 3086 der

76 3132 146 3191 tage
164 3124 244 3176 nach·
255 3123 316 3177 dem
335 3121 428 3176 St'urm
446 3123 496 3176 auf
517 3122 663 3191 Gergovia.
716 3122 820 3175 Furcht
839 3116 939 3175 bieten.
1142 3180 1144 3183 ,

78 3240 112 3252 -
134 3211 173 3264 ad
189 3212 288 3277 panea
306 3208 413 3264 Eldeer
431 3215 543 3279 pontem
567 3210 664 3279 reficit,
753 3214 778 3263 3.
798 3224 865 3277 quos
884 3214 909 3261 et
922 3207 1130 3275 quumhumiles
1143 3207 1296 3274 accepisset,

75 3298 532 3353 cf.b.c.I.6l.4Adeumlocum
544 3283 664 3352 fluminis
717 3298 766 3351 wie
790 3297 846 3351 und
864 3297 892 3350 in
917 3297 967 3357 wie
993 3295 1147 3362 demittiger
1165 3294 1239 3361 Lege
1267 3311 1297 3348 er

8 3387 10 3390 ’
77 3392 274 3453 ...pontem
291 3388 430 3453 imperant
443 3384 540 3442 fieriu.
554 3386 578 3438 b.
592 3386 663 3453 hisp.
718 3386 760 3439 sie
773 3385 817 3437 bei
830 3385 920 3438 seiner
933 3382 1059 3437 Ankunft
1083 3383 1124 3437 als
1144 3382 1297 3436 Prokousul

76 3477 124 3531 36.
142 3479 160 3527 2
179 3490 269 3541 naves,
297 3489 368 3540 quae
387 3474 421 3527 ad
440 3474 545 3527 Baetim
564 3473 665 3528 flumen
718 3472 854 3539 gefuuden
882 3472 976 3533 hortm
1002 3470 1051 3524 das
1078 3469 1298 3536 vorauigeheude

76 3564 208 3616 fuissent.
245 3562 274 3615 G.
292 3562 356 3629 ging
368 3560 439 3621 ¹uohl
458 3562 503 3615 bei
522 3562 582 3617 dem
594 3563 661 3616 heu·
715 3574 784 3626 quos
803 3583 837 3602 =
856 3558 952 3626 quales
971 3557 1038 3611 uird
1063 3557 1150 3611 durch
1174 3556 1224 3611 das
1247 3557 1298 3611 fol·

76 3653 154 3717 tigeri
185 3648 357 3704 Mineralhad
389 3648 475 3717 Vichy
505 3650 571 3703 uber
610 3649 663 3703 den
716 3649 805 3715 gende
830 3663 910 3714 quam
933 3646 1047 3701 humiles
1075 3646 1162 3699 uther
1185 3645 1299 3715 erkldrt,

76 3738 190 3793 Elicer.
485 3802 487 3805 Ι
717 3735 752 3789 cf.
773 3734 878 3805 cornel,
898 3734 994 3787 Timol.
1019 3734 1089 3791 11.2
1115 3748 1194 3801 quem
1218 3741 1298 3787 etex

116 3827 161 3880 54.
200 3830 223 3878 l.
243 3823 427 3888 letaniorum,
456 3822 581 3878 derselbe
608 3840 665 3878 war
719 3830 822 3890 quanto
842 3836 925 3888 regno
943 3820 977 3874 ad
996 3836 1076 3887 quam
1097 3820 1233 3875 fortunam
1253 3820 1298 3874 de·

77 3912 345 3979 nachEntdeckuug
358 3912 663 3967 seiuesVerratesnach
716 3910 837 3965 tulisset.
878 3894 954 3962 fiber
978 3908 1021 3963 die
1044 3909 1132 3963 Sacha
1155 3909 1240 3963 selbot
1264 3907 1297 3965 cl.

76 3998 218 4069 Gergovia
236 3997 373 4066 gefloheu,
391 3999 426 4053 cl.
446 4015 469 4053 c.
487 4002 530 4052 40.
550 4003 574 4053 7.
717 3998 738 4050 l.
749 4002 791 4051 30.
802 3999 818 4049 6
831 3997 874 4051 Vl.
888 4000 927 4050 12.
939 4000 963 4050 3.
977 4026 1010 4035 -
1020 3996 1115 4064 copiis,
1125 3996 1298 4051 Hilfsmittel.

76 4085 80 4091 ’
116 4093 142 4143 2.
160 4084 266 4152 borum
286 4086 334 4140 des
353 4086 524 4153 Eporedorix
541 4086 597 4140 und
616 4086 663 4141 des
753 4090 778 4139 4.
797 4088 848 4138 ut.
865 4124 871 4138 .
887 4125 893 4137 .
912 4083 1054 4149 redissent,
1073 4100 1108 4137 zu
1133 4082 1194 4137 dem
1220 4083 1297 4151 Gouj.

77 4176 271 4230 Viridcmiarus
298 4173 346 4227 mit
369 4175 449 4229 ihren
472 4174 610 4229 Klieutcu.
631 4206 663 4213 —
718 4171 938 4240 Plusquamperl.
952 4172 981 4225 in
995 4172 1055 4225 dem
1065 4171 1298 4227 Konsekutivsatz

74 4281 113 4319 are
133 4306 139 4319 .
160 4305 166 4318 .
187 4305 194 4318 .
213 4262 321 4315 timoris
339 4262 664 4329 aliqucmsuspieioeem,
718 4258 753 4314 cf.
769 4259 942 4315 Cornelhtt.
955 4264 998 4313 21.
1012 4264 1025 4311 1
1039 4265 1171 4326 tantaque
1184 4274 1300 4329 prospe·
1340 4240 1342 4245 ¹
1401 4280 1404 4286 ·

1166 4350 1193 4394 4*
