2934 4750
541 236 723 291 Commu.
742 239 888 294 ait-na„
967 207 968 212 ¹
1110 219 1111 222 ’
1262 223 1316 283 27·

88 396 202 444 manus
226 379 352 444 sebius
375 379 453 458 picis
475 379 609 443 traditas
639 377 771 459 glaebas
794 377 826 441 in
850 377 954 458 ignem
977 377 1138 458 eregione
1153 367 1250 476 turris

90 485 279 566 proiciebat:
302 485 468 564 scorpione
490 483 530 547 ab
553 484 652 548 latere
676 483 787 548 dextro
811 483 963 547 traiectus
992 482 1250 563 exanimatusque
1328 519 1330 522 -

89 590 235 655 concidit.
281 589 373 653 Hunc
396 609 434 654 ex
457 589 607 670 proximis
624 607 711 653 unus
734 589 889 654 iacentem
906 596 1126 669 transgressus
1139 587 1248 651 eodem
1268 601 1284 651 3

86 695 144 760 illo
159 713 289 761 munere
304 694 510 776 fungebatur3
534 694 645 759 eadem
661 694 864 773 rationeictu
877 694 1050 774 scorpionis
1067 693 1247 759 exanimato

87 800 183 864 alteri
205 801 358 865 successit
381 801 502 884 tertius·
518 805 552 863 et
575 799 670 863 tertio
693 805 835 880 quartus,
866 809 922 862 nec
950 798 1037 879 prius
1067 796 1134 862 ille'
1153 804 1202 862 est
1229 811 1306 862 aa·

87 905 378 988 propugnatoribus
401 923 520 970 vacuus
542 904 672 969 relictus
699 905 797 984 locus,
826 922 921 984 quam
948 905 1099 968 restincto
1131 920 1249 984 aggere

87 1018 185 1092 atque
220 1011 305 1076 omni
339 1029 377 1074 ex
410 1015 500 1092 parte
533 1011 687 1074 submotis
720 1009 863 1074 hostibus
897 1007 969 1073 finis
1005 1015 1054 1072 est
1087 1008 1249 1090 pugnandi

88 1115 199 1182 factus.
302 1160 304 1163 -

122 1251 132 1270 -·
196 1226 248 1287 26.
287 1219 402 1285 Omnia
437 1221 557 1301 experti
595 1219 690 1293 Galli,
726 1219 810 1300 quod
837 1237 888 1282 res
920 1218 1008 1283 nulla
1041 1224 1283 1298 successerat,1

87 1332 216 1406 postero
248 1326 299 1391 die
326 1326 491 1391 consilium
520 1331 674 1406 ceperunt
697 1343 733 1388 ex
758 1324 872 1406 oppido
905 1323 1072 1404 profugere
1100 1323 1247 1389 hortante

87 1436 122 1517 et
144 1431 272 1495 iubente
293 1431 562 1513 Vercingetorige.
609 1431 645 1494 ld
668 1430 793 1494 silentio
817 1430 920 1493 noctis
936 1430 1041 1494 conati
1057 1446 1118 1493 non
1134 1445 1284 1510 magnae
1320 1439 1321 1444 ’
1359 1463 1362 1468 ·

86 1537 212 1600 iactura
234 1553 362 1623 suorum
386 1554 454 1601 sese
471 1534 638 1601 effecturos
654 1535 838 1616 sperabant,
862 1539 1030 1616 propterea
1046 1534 1129 1614 quod
1145 1551 1247 1614 neque

87 1639 182 1722 longe
206 1641 245 1706 ab
268 1641 384 1732 oppido
407 1647 512 1706 castra
535 1641 803 1722 Vercingetorigis
828 1639 970 1718 aberant,
995 1645 1028 1703 et
1043 1638 1142 1719 palus,
1167 1656 1247 1719 quae
1316 1725 1317 1728 Ἴ

86 1751 242 1826 perpetua
275 1746 506 1824 intercedebat,
545 1745 704 1811 Romanos
743 1745 784 1810 ad
823 1745 1048 1825 insequendum
1085 1743 1245 1809 tardabat.

87 1851 218 1933 lamque
233 1851 293 1916 hoc
305 1850 409 1917 facere
426 1857 520 1916 noct'u
536 1851 746 1932 apparabant,
764 1869 833 1915 cum
850 1848 1105 1913 matresfamiliae
1116 1855 1247 1932 repente
1266 1863 1282 1914 3

84 1959 119 2020 in
135 1939 302 2038 ‘publicum
326 1962 555 2040 procurrerunt
577 1956 750 2037 flentesque
775 1957 932 2042 proiectae
948 1955 1101 2035 adpedes
1118 1972 1247 2019 suorum

85 2061 232 2126 omnibus
256 2063 400 2144 precihus
424 2063 593 2144 petierunt,
609 2046 656 2126 ne
679 2079 713 2126 se
737 2067 769 2126 et
792 2079 973 2126 communes
1000 2061 1117 2125 liberos
1147 2059 1246 2124 hosti-

86 2167 147 2231 bus
171 2167 213 2232 ad
235 2167 423 2249 supplicium
447 2167 608 2247 dederent,
631 2185 709 2249 quos
725 2167 767 2230 ad
783 2165 967 2248 capiendam
984 2165 1090 2248 fugam
1113 2169 1247 2229 naturae
1276 2209 1284 2234 .

86 2279 120 2336 et
143 2274 255 2362 sirium
278 2272 446 2337 infirmitas
468 2273 644 2354 impediret.
690 2272 752 2336 Ubi
771 2280 830 2337 'eos
853 2273 885 2336 in
916 2272 1072 2336 sententia
1101 2278 1245 2353 perstare
1265 2283 1281 2332 4
1369 2269 1370 2274 ’

85 2379 244 2460 viderunt,
267 2379 558 2471 qnod'plernmque
582 2380 615 2442 in
637 2390 760 2443 summo
784 2377 926 2459 periculo
949 2380 1045 2443 timor
1068 2378 1245 2443 misericor-

86 2485 171 2548 diam
194 2504 257 2576 non
279 2486 402 2567 recipit,
429 2485 631 2549 conclamare
658 2492 691 2549 et
720 2484 897 2566 significare
916 2472 964 2549 'de
992 2483 1068 2565 fuga
1096 2482 1245 2549 Romanis

84 2596 267 2672 coeperunt.
314 2591 384 2669 Quo
408 2592 520 2656 timore
551 2591 710 2671 perterriti
738 2590 834 2670 Galli,
867 2608 907 2655 ne
934 2591 974 2655 ab
1006 2590 1152 2669 equitatu
1184 2589 1279 2653 Ros

82 2714 250 2760 manorum
274 2697 342 2761 viae
366 2692 682 2778 praeoccuparentur,
697 2697 835 2761 ⁴consilio
860 2696 1061 2762 destiterunt.

120 2886 168 2942 26.
189 2891 212 2942 l.
230 2888 373 2942 amatam
384 2892 554 2954 aspernatae
565 2886 667 2954 oppido
715 2892 851 2953 perpetu-a
869 2926 876 2941 .
896 2927 901 2940 .
922 2884 1137 2952 ‚antecedebat
1156 2884 1242 2939 durch
1255 2885 1298 2939 die

77 2972 666 3041 profugere,-dieselbeKonstrulrtionfindet
719 2974 842 3041 Stellung
866 2973 913 3027 des
933 2972 1046 3041 AdJ'elrt.
1070 2973 1106 3028 im
1131 2972 1298 3027 Relativsatz

83 3062 145 3119 sich
172 3077 194 3115 c.
213 3065 255 3114 71.
276 3067 304 3129 1;
332 3062 454 3131 dagegen
482 3062 530 3115 111.
554 3065 579 3117 2.
597 3068 615 3116 2
634 3071 665 3116 ut
718 3062 785 3115 wird
804 3062 927 3115 desselbe
946 3078 990 3115 nm
1009 3060 1298 3116 aonachdrdokliaher
1345 3118 1347 3121 ,
1417 3059 1419 3063 ’

83 3190 89 3203 .
112 3190 118 3203 .
138 3189 145 3203 .
164 3148 229 3205 belli
247 3150 397 3227 reuerendi
422 3150 593 3219 legionisque
616 3169 663 3220 op·
717 3150 952 3217 hervorgehoben.
979 3178 1013 3189 -
1039 3149 1077 3204 ad
1101 3148 1298 3217 iaceqacadaac

81 3238 241 3306 primendae
256 3238 399 3292 consilium
406 3247 546 3307 caperent,
561 3228 662 3295 ebenso
716 3237 867 3303 tardabat,
893 3237 993 3292 ebenso
1017 3238 1032 3301 ,t
1051 3240 1067 3302 3
1086 3235 1121 3289 ud
1139 3236 1298 3304 capiendam

83 3324 117 3378 V.
136 3327 180 3379 29.
198 3329 224 3392 2,
251 3324 277 3379 b.
297 3341 319 3379 c.
338 3324 387 3380 ΙΙΙ.
409 3330 467 3381 103.
488 3331 511 3389 1;
534 3320 563 3381 ut
581 3327 666 3383 findet
718 3326 812 3395 fugam
831 3369 839 3384 .
859 3368 864 3380 .
885 3367 891 3382 .
910 3323 1116 3393 impediret-cf.
1135 3340 1159 3379 c.
1179 3328 1220 3380 10.
1241 3330 1264 3379 1.

84 3412 242 3468 sichnsch
259 3412 401 3470 consilium
419 3430 520 3482 cepere
537 3415 563 3469 b.
578 3432 601 3469 c.
615 3416 664 3470 ΙΙΙ.
754 3419 778 3469 3.
797 3414 828 3467 ia
841 3402 989 3481 publicam,
1009 3414 1060 3467 aul
1076 3413 1119 3467 die
1139 3413 1250 3468 Stralse.
1264 3442 1298 3452 -
1359 3470 1361 3479 ,

81 3503 119 3553 30
136 3505 169 3561 2;
194 3499 230 3553 ef.
253 3500 287 3555 Ε.
306 3500 334 3554 S.
352 3504 403 3556 305
427 3504 506 3555 dnm.
529 3508 555 3557 2.
575 3503 600 3557 S.
621 3504 664 3558 W.
718 3502 1006 3571 pacagrammatisch
1025 3501 1075 3555 auf
1092 3501 1141 3555 das
1162 3502 1297 3556 zuntchst

83 3590 138 3644 328
156 3587 221 3643 Zns.
243 3593 267 3643 1.
718 3590 852 3646 stehende
872 3590 963 3645 Subst.
983 3590 1085 3645 liberos
1103 3590 1233 3657 beregen,
1252 3590 1298 3644 be·

118 3679 145 3732 2.
163 3676 265 3743 coacti,
284 3676 332 3731 das
352 3678 435 3745 Part,
453 3678 570 3733 welches
584 3679 665 3733 einen
717 3679 792 3733 zieht
805 3678 862 3732 sich
873 3677 1058 3745 anglaichauf
1066 3676 1297 3731 matresfamiliae.

79 3763 289 3819 konditionalen
301 3764 364 3819 Satn
382 3766 501 3834 vertritt,
514 3767 551 3820 ist
563 3754 665 3821 ebenso
754 3769 778 3821 4.
796 3766 1012 3833 misericordium
1034 3780 1090 3819 aoa
1114 3764 1212 3831 recipit
1231 3764 1296 3833 ,das

80 3852 133 3905 wie
146 3851 240 3920 adepti
259 3854 291 3907 V.
312 3856 354 3909 39.
373 3854 454 3908 lanf
464 3854 514 3909 das
527 3854 603 3921 sabj.
617 3854 664 3909 des
717 3854 864 3909 lditlaiden
887 3854 964 3908 nicht
982 3852 1161 3908 aufkommen
1180 3853 1296 3907 lassen“.

80 3941 269 4009 Hauptsatzes
282 3949 391 3996 anstatt
402 3941 452 3996 auf
463 3942 511 3997 das
524 3941 599 4009 Subj.
614 3942 661 3995 des
716 3972 750 3980 —
768 3942 926 4011 significare
944 3941 984 4006 de,
1004 3940 1039 3996 cf.
1053 3958 1075 3997 c.
1091 3947 1113 3995 1.
1135 3947 1148 3994 1
1169 3941 1297 4006 cognovit

79 4033 149 4083 Acc.
168 4045 191 4083 c.
203 4028 255 4082 qu.
270 4030 403 4097 ‚bazogen
423 4058 457 4069 —-
468 4044 554 4097 nepae
567 4070 573 4084 .
587 4068 593 4083 .
608 4071 614 4082 .
628 4034 662 4096 et,
716 4030 750 4085 de
770 4030 856 4083 Clodii
874 4038 961 4085 morte
980 4046 1005 4083 u.
1024 4029 1050 4083 ὀ.

79 4114 116 4169 cf.
137 4129 160 4169 c.
178 4119 410 4171 20.4.—-eastra
425 4115 662 4186 Vercingetorigis,
751 4119 776 4171 ὃ.
799 4116 858 4185 Quo
875 4117 971 4173 timore
989 4114 1120 4170 =0uius
1134 4115 1175 4170 rei
1188 4114 1297 4181 timore,
1336 4103 1338 4107 ’

79 4203 209 4258 dasselbe
229 4204 326 4259 befand
345 4205 404 4259 sich
423 4205 467 4260 bei
486 4206 661 4258 Mehuusnr-
715 4204 750 4259 cf.
771 4204 801 4257 V.
824 4207 865 4259 19.
889 4208 905 4257 2
924 4204 976 4258 hoc
995 4212 1078 4258 metu.
1105 4201 1136 4261 V.
1160 4206 1186 4257 4.
1209 4205 1226 4255 4
1244 4202 1296 4257 hoc

79 4291 180 4359 Yevre,
200 4291 234 4347 cf.
253 4308 276 4347 c.
298 4296 339 4347 18.
360 4297 383 4346 1.
403 4322 433 4331 -
448 4298 474 4346 ct
486 4292 580 4359 palas,
593 4307 663 4361 qaae
716 4291 825 4353 dolore;
845 4291 872 4347 S.
892 4291 935 4345 W.
954 4294 1015 4345 247.
1034 4295 1060 4346 2.
