2934 4750
520 201 618 257 bibl.
656 205 770 259 31-33.
1204 192 1244 251 49

56 344 128 410 Nihil
157 343 291 426 Sequani
320 345 523 427 respondere,
556 345 611 409 sed
639 345 672 409 in
700 344 812 410 eadem
844 343 974 409 tristitia
1002 343 1093 409 taciti
1122 361 1228 424 per-s

55 469 181 517 manere.
227 449 303 516 Cum
332 449 373 516 ab
401 450 449 515 his
478 451 605 532 saepius
636 456 802 531 quaereret
824 468 926 531 neque
949 449 1045 515 ullam
1069 451 1194 515 omuino

11 543 12 554 ¹
55 575 149 622 uocem
182 557 355 638 exprimere
387 561 506 638 posset,
540 555 624 621 idem
653 555 828 621 Divitiacus
857 555 984 621 Aeduus
1015 555 1193 638 respondit:

11 711 13 754 ζ
54 661 113 727 Η99
135 679 201 727 esse
222 663 419 728 miseriorem
441 667 471 727 et
484 662 665 745 praviorem
683 662 849 742 fortunam
865 659 1084 742 Sequanorum
1097 682 1194 744 qaam
1211 681 1228 732 4

54 767 246 850 reliqueram,
269 767 353 850 qaod
374 767 435 834 soli
457 788 497 832 ae
520 767 554 830 ia
578 767 696 832 accaito
719 767 846 850 paidom
868 767 960 849 paeri
981 787 1080 848 aeque
1100 767 1194 832 auat·

11 865 12 928 i
53 873 120 938 tiara
152 872 328 954 implorare
362 873 515 940 auderent
549 873 749 956 obseratisque
778 872 936 938 Ariovisti
967 871 1194 952 crudelitates,

53 979 168 1044 oetatsa'
189 998 296 1044 coram
312 979 443 1058 adesset,
466 978 640 1057 torrerent,
660 985 832 1060 prepterea
846 978 929 1060 qaod
942 977 1075 1059 reliquis
1089 982 1195 1042 tamea
1212 996 1229 1050 5

51 1085 136 1168 sapae
162 1084 305 1166 facultas
335 1084 475 1162 daretur,
506 1082 664 1166 Sequanis
690 1104 773 1162 aero,
805 1085 862 1166 pai
892 1085 982 1148 iutra
1008 1083 1090 1164 fiaes
1120 1102 1195 1148 suos

53 1191 241 1256 1999191999
262 1190 462 1270 recepissent,
485 1209 619 1273 quoram
643 1189 763 1273 oppida
785 1190 893 1255 mnata
907 1191 944 1254 ia
956 1193 1112 1270 potestate
1125 1189 1194 1254 etas

53 1302 150 1376 ascet,
175 1317 282 1362 omues
306 1297 468 1361 tractatas
490 1301 593 1361 essent
610 1294 807 1376 perferendi.

129 1407 180 1470 33.
221 1402 279 1468 His
307 1403 401 1468 rebus
430 1402 562 1484 cognitis
591 1400 710 1467 Caesar
739 1401 902 1466 Gallorum
936 1401 1057 1467 animos
1090 1400 1229 1470 verbisr

52 1505 237 1574 adfirmauit
268 1507 487 1591 pollicitusque
521 1512 570 1572 est
601 1506 661 1572 sibi
694 1525 764 1573 eam
797 1525 865 1572 rem
908 1525 1002 1572 curae
1039 1505 1193 1571 futuram:

53 1631 187 1695 magnam
217 1631 252 1679 se
278 1613 397 1679 habere
426 1631 522 1696 spem,
552 1621 585 1679 et
611 1611 763 1678 beneficio
791 1630 848 1678 suo
871 1617 904 1677 et
926 1613 1116 1678 auctoritate
1139 1612 1194 1677 ad·

54 1717 168 1784 ductum
193 1719 388 1785 Ariovistum
411 1717 505 1784 finem
528 1719 650 1784 iniuriis
673 1722 841 1784 facturum.
883 1717 953 1784 Hac
975 1718 1118 1783 oratioue
1139 1716 1194 1781 ha-
1213 1740 1231 1789 2

54 1823 108 1888 bita
130 1825 299 1892 concilium
323 1824 450 1892 dimisit.
492 1823 536 1889 ut
558 1824 728 1918 secundum
753 1842 790 1890 aa
812 1822 932 1889 multae
955 1840 1007 1888 res
1029 1841 1100 1888 eum
1122 1821 1196 1887 hor·

11 1937 12 1940 ’
54 1930 211 2012 tabantur,
247 1949 344 2013 quare
378 1931 438 1996 sibi
472 1948 542 1996 eam
575 1914 648 1996 rem*
673 1930 872 2014 cogitandam
903 1934 937 1994 et
966 1928 1196 2010 suscipiendam

11 2049 13 2146 Ι
54 2043 177 2118 putaret,
198 2038 363 2119 imprimis,
380 2037 464 2118 quod
480 2037 615 2118 Aeduos,
631 2035 746 2102 fratres
762 2036 1073 2118 consanguineosque
1088 2053 1196 2117 saepe·

11 2151 13 2236 1
54 2160 171 2208 numero
188 2161 209 2208 a
225 2148 338 2208 senatu
354 2140 538 2225 appellatos,
555 2143 588 2206 in
604 2143 758 2207 servitute
772 2146 869 2222 atque
884 2142 916 2205 in
933 2141 1054 2206 dicione
1068 2139 1197 2205 videbat

11 2239 13 2320 Ι
54 2245 273 2314 Germanorum
297 2247 407 2325 teneri,
431 2265 602 2329 eorumque
625 2247 751 2312 obsides
767 2264 836 2313 esse
851 2247 936 2329 apud
951 2245 1143 2311 Ariovistum
1160 2262 1197 2310 ac

54 2353 206 2437 Sequanos
234 2353 455 2438 intellegebam
488 2354 631 2437 quadiu
662 2358 752 2419 tauto
782 2353 913 2437 imperio
936 2352 1044 2437 populi
1065 2351 1198 2418 Romani

55 2462 260 2544 turpissimum
291 2462 351 2527 sibi
386 2466 417 2526 et
445 2461 635 2544 reipublicae
668 2478 739 2526 esse
770 2459 996 2525 arbitrabatur.
1040 2458 1234 2531 Paulatima

55 2572 148 2633 summ
172 2566 350 2631 Germanos
380 2584 585 2633 consuescere
608 2565 752 2630 Rhenum
775 2565 913 2631 transire
941 2571 974 2630 et
1002 2565 1036 2629 in
1063 2563 1200 2629 Galliam

55 2689 191 2755 magnam
208 2691 315 2738 eorum
330 2671 564 2737 multitudinem
578 2672 694 2753 venire,
710 2670 827 2755 populo
839 2670 979 2736 Romano
991 2670 1201 2753 periculosum

55 2777 182 2859 videbat,
217 2796 318 2860 neque
345 2776 405 2844 sibi
435 2777 576 2842 homines
608 2776 692 2841 feros
722 2795 761 2842 ac
789 2774 941 2842 barbaros
968 2781 1237 2859 temperaturos4

56 2882 255 2964 existimabat,
280 2883 364 2965 quin,
389 2900 460 2949 cum
485 2901 607 2948 omnem
631 2882 768 2948 Galliam
791 2884 1040 2967 occupavissent,
1070 2885 1104 2944 ut
1126 2886 1201 2946 aute

57 2987 165 3055 Cimbri
189 2990 386 3071 Teutonique
408 2988 565 3069 fecissent,
593 2990 627 3054 in
649 2989 844 3071 provinciam
867 2988 989 3053 exirent
1012 2993 1107 3068 atque
1129 2987 1201 3051 iude

86 3237 107 3288 3.
133 3235 298 3304 respondere
315 3276 321 3289 .
341 3276 347 3291 .
364 3250 537 3303 perarmare,
575 3233 625 3293 lui.
680 3234 741 3290 titel
760 3250 810 3289 rex
822 3242 905 3301 atque
917 3234 1021 3290 amicus
1034 3233 1128 3303 populi
1140 3234 1256 3290 Romani

57 3320 110 3377 hist.
127 3324 162 3378 91.
181 3340 216 3377 zu
235 3338 258 3377 c.
279 3324 320 3377 16.
341 3329 364 3378 1.
680 3323 818 3386 erhalteu3
837 3322 871 3377 ci.
891 3340 914 3378 9.
932 3325 974 3377 35.
995 3327 1018 3377 1.

85 3414 108 3465 4.
135 3414 185 3467 boc
214 3411 399 3481 ,daswegen“.
437 3441 470 3451 -
501 3410 625 3466 absentis.
714 3416 740 3467 2.
759 3410 905 3465 secandam
923 3412 1083 3481 ea,ntchst
1101 3411 1177 3466 dem“
1191 3412 1215 3465 d.
1228 3412 1256 3467 h.

59 3499 169 3555 Ariovist
189 3499 333 3555 sammelte
352 3499 456 3555 damals
475 3499 575 3569 genade
591 3500 627 3552 im
679 3498 1257 3567 nachstdenMitteilungendesDivitiacus.

58 3588 318 3644 rechtsrheinischeu
337 3588 434 3643 Gebiet
453 3603 521 3643 neue
540 3588 628 3655 Trup·
681 3618 715 3629 -
727 3588 829 3642 9991199
840 3603 892 3653 res,
907 3603 1000 3655 quare.
1012 3588 1091 3641 Nach
1105 3603 1189 3642 causa
1204 3586 1257 3641 und

59 3690 111 3741 pen.
124 3706 158 3717 ·-
171 3692 263 3732 coram
282 3676 375 3731 adesse
394 3675 568 3745 „persbnlich
583 3692 628 3729 zu·
680 3692 739 3743 res,
770 3676 856 3731 selbst
878 3691 957 3730 wenu
983 3676 1058 3730 diese
1081 3676 1194 3730 Wdrter
1220 3674 1258 3727 im

59 3778 137 3830 gagen
169 3766 253 3820 sein“.
285 3794 315 3805 ·—
348 3766 489 3819 torrerent
520 3763 629 3818 Schultz
681 3764 777 3818 Plurai
805 3764 910 3830 stehen,
938 3764 1053 3818 vertritt
1080 3778 1165 3831 quere
1192 3761 1257 3828 (bis-

61 3853 155 3911 1914.
182 3852 303 3923 Seyffert
324 3856 381 3908 156.
402 3859 439 3916 1.;
468 3852 629 3907 19111991
656 3912 657 3915 Ἴ
682 3852 778 3907 weilen
803 3852 873 3906 auch
898 3852 1086 3920 quamobrem)
1111 3848 1259 3905 119819119

61 3952 89 3991 au
107 3940 196 3996 dieser
214 3941 308 3995 Stelle.
683 3940 919 3995 199119191119919.
933 3970 964 3978 -
977 3940 1009 3993 ira
1017 3944 1095 3993 19919
1102 3938 1216 4006 imperio
1225 3938 1259 3994 91.

90 4030 112 4081 5.
130 4034 219 4083 tamea
238 4029 324 4099 „doch
344 4028 534 4097 preripuerat
683 4046 705 4085 9.
724 4032 768 4086 27.
787 4032 805 4081 4
822 4046 857 4082 zu
874 4030 902 4082 iu
920 4035 1000 4083 tauta
1017 4027 1197 4083 multitudine.

90 4115 133 4171 td.
170 4122 192 4172 1.
224 4116 367 4173 Gallorum
397 4117 502 4171 animos
530 4116 565 4171 ef.
595 4132 630 4169 zu
718 4121 744 4175 4.
774 4116 827 4171 sibi
853 4122 1052 4184 temperaturos
1080 4115 1147 4183 pata
1173 4115 1208 4170 cf.
1226 4133 1260 4172 zu

62 4216 80 4254 c.
99 4207 136 4259 19.
153 4212 178 4265 2.
204 4234 239 4247 -
262 4206 387 4272 beneficio
411 4220 470 4259 sao.
506 4205 631 4259 Ariovist
684 4222 707 4259 9.
718 4209 743 4259 1.
753 4209 778 4261 4.
797 4233 831 4244 -
846 4203 946 4257 Ointbrt
960 4204 1127 4272 Teutonique
1139 4203 1187 4273 (cf.
1199 4204 1260 4259 VII.

62 4288 630 4350 hatteanterCasarsKonsulatdenEhreu·
685 4296 728 4347 77.
750 4299 784 4348 12
802 4291 962 4361 Teutones).
981 4292 1032 4347 Die
1043 4292 1260 4360 Erinnerungan

108 4396 253 4451 westher,
269 4398 448 4443 caesaraeam.
464 4398 517 4442 aar]
554 4398 572 4441 1.
1100 4395 1102 4400 ·
1138 4384 1155 4431 4
