2934 4750
195 229 240 290 46
673 243 713 296 De
731 241 805 296 bello
825 241 938 299 Gallico.

216 385 408 457 scammum
430 401 580 449 conseram
603 383 642 448 ab
666 403 701 448 ea
718 389 829 464 petere
850 382 971 450 uellent.
1019 381 1067 447 Ea
1089 401 1123 448 re
1146 384 1299 465 permissa
1321 384 1404 449 diem
1456 372 1457 431 l

251 491 381 558 concilio
409 490 639 574 constituerunt
667 495 700 554 et
727 489 937 568 iureiurando,
971 488 1103 569 nequis
1125 490 1315 568 enuntiaret,
1346 490 1406 554 uisi

251 597 364 678 quibus
392 595 547 660 communi
575 594 706 660 consilio
728 595 911 659 mandatum
934 599 1027 675 esset,
1061 595 1145 659 inter
1166 613 1201 659 se
1223 601 1404 661 sanxerunt.

153 781 154 784 Ἴ
217 695 231 770 ἰ
341 707 390 766 31.
415 701 461 766 Eo
485 699 617 766 coneilio
640 701 768 766 dimisso
783 699 875 765 'idem
890 700 1049 781 principes
1065 699 1238 780 civitatum,
1261 700 1317 781 qui
1332 706 1407 765 ante
1456 718 1457 759 ι

250 807 384 887 fuerant,
407 805 449 871 ad
472 803 637 871 Gaesarem
662 810 863 871 reverterunt
884 807 1116 887 petieruntque,
1140 812 1176 871 ut
1198 805 1258 871 sibi
1280 812 1405 872 secreto
1456 826 1457 889 ι

214 931 232 981 2
251 913 289 977 de
312 931 369 977 sua
392 913 591 992 omniumque
615 910 717 977 salute
741 929 812 976 cum
834 930 871 976 eo
895 930 991 993 agere
1012 911 1133 976 liceret.
1179 911 1227 975 Ea
1250 932 1285 977 re
1309 913 1406 993 impe

250 1023 338 1083 trata
369 1036 437 1084 sese
468 1035 576 1083 omues
606 1015 716 1082 flentes
739 1015 870 1083 Caesari
896 1018 937 1082 ad
967 1017 1064 1099 pedes
1086 1017 1303 1099 proiecerunt:
1335 1016 1407 1080 Non

250 1124 356 1188 minus
388 1143 422 1189 se
450 1123 487 1188 ld
513 1123 699 1189 contendere
730 1129 760 1188 et
790 1123 951 1200 laborare,
985 1143 1025 1187 ne
1048 1143 1100 1200 eu,
1136 1143 1217 1204 quoe
1239 1123 1405 1199 dixissent,
1456 1150 1457 1215 ι

251 1229 505 1308 enuntiarentur,
523 1249 618 1308 quam
632 1229 680 1294 uti
695 1249 742 1307 eo,
758 1249 839 1311 quae
852 1227 976 1305 vellent,
992 1228 1210 1309 impetrarent,
1232 1235 1457 1310 propterea
1456 1234 1457 1289 l

251 1335 342 1417 quod,
371 1334 401 1400 sl
423 1355 507 1399 enun
509 1335 623 1400 to'atum
646 1339 732 1412 esset,
764 1351 921 1398 summum
942 1333 979 1396 ia
1002 1332 1179 1398 cruciatmu
1201 1354 1235 1399 ae
1256 1339 1405 1399 oentmos
1456 1328 1457 1403 ᾗ

215 1439 402 1508 sciderunt.
455 1441 554 1506 Locut
540 1446 591 1506 tus
626 1447 675 1505 est
709 1457 767 1522 pro
802 1438 850 1503 his
884 1439 1060 1504 Divitiacus
1091 1438 1236 1504 Aeduus.
1276 1438 1406 1505 Gallim
1456 1464 1457 1521 ι

252 1547 349 1610 totius
368 1547 525 1627 factiones
546 1565 613 1611 esee
636 1546 734 1610 duos:
762 1543 878 1609 harum
900 1544 1037 1610 alterius
1052 1545 1277 1627 principatum
1301 1551 1405 1610 tenere
1456 1544 1457 1613 T

216 1652 393 1730 4Aeduoa,
426 1651 561 1716 alterius
588 1650 761 1715 Aruernos.
807 1649 855 1714 Hc‘
885 1669 956 1714 cnm
982 1656 1145 1731 tantopere
1172 1650 1210 1715 de
1237 1655 1403 1730 potentatu

251 1758 336 1823 tuter
350 1777 385 1822 se
398 1756 512 1822 multos
527 1774 628 1821 annos
643 1754 872 1834 contenderent,
893 1755 1014 1833 factum
1030 1773 1103 1834 esse,
1126 1756 1175 1820 uti
1189 1754 1229 1819 ab
1244 1754 1406 1819 Arvernis

215 1861 468 1944 adequcnc'sque
498 1861 652 1926 Germani
682 1860 822 1925 mercede
850 1866 1093 1926 arcesserentur.
1145 1859 1272 1925 Horum
1296 1860 1406 1943 primo

252 1968 379 2034 circiter
409 1967 501 2032 milla
531 1965 604 2030 XV
619 1964 767 2030 Rhenum
799 1966 972 2044 transisse
999 1969 1211 2048 posteaquam
1245 1985 1346 2046 apros
1378 1968 1406 2026 et
1456 1954 1457 2013 ἒ

252 2074 370 2140 cultum
393 2079 421 2138 et
437 2073 546 2153 copias
564 2070 731 2136 Gallorum
748 2069 891 2134 ltmninea
909 2071 975 2152 feri
990 2091 1029 2136 aa
1044 2070 1177 2135 barbari
1191 2070 1403 2146 adamassent,
1456 2078 1457 2139 1

251 2179 379 2244 'traduat
366 2185 415 2243 tas
430 2177 563 2260 pturea;
584 2197 669 2242 nunc
690 2197 756 2241 esse
771 2177 807 2240 t'n
824 2175 937 2240 Gallia
951 2177 995 2241 ad
1009 2183 1132 2242 centum
1147 2183 1177 2242 et
1193 2176 1266 2240 XX
1279 2176 1405 2240 milium

217 2300 233 2352 6
251 2304 426 2350 numerum.
454 2283 532 2351 (lam
547 2285 597 2349 liis
608 2284 738 2348 Aeduos
753 2302 919 2366 eorumque
934 2283 1064 2362 clientes
1078 2283 1223 2350 semelt
1188 2305 1209 2348 a
1210 2286 1306 2366 tquei
1306 2289 1404 2350 terum
1456 2264 1457 2373 l

252 2390 353 2455 armis
365 2389 579 2469 eumeneticam
594 2408 745 2471 mapnam
755 2388 967 2454 calamitatem
977 2390 1091 2471 pulsos
1102 2391 1267 2472 accepisse,
1286 2409 1405 2455 omnem
1456 2381 1457 2464 Ῠ

235 2568 258 2618 5.
282 2580 316 2617 ne
334 2564 394 2633 quta
412 2564 568 2617 enuntaaret
586 2562 643 2617 scil.
663 2562 707 2617 die
725 2563 775 2619 Be·
829 2565 878 2619 des
896 2562 1170 2633 Eleaverlhllier),
1162 2580 1190 2617 m
1209 2563 1258 2618 der
1277 2570 1404 2633 spateren
1456 2557 1457 2562 ’

199 2652 332 2723 schltsse,
351 2650 454 2706 dieaul
464 2650 524 2705 dem
537 2648 776 2719 L'andtaggelalat
828 2652 1403 2721 Provinznuvergnewohnte.threHaupt·
1456 2665 1457 2680 ³

199 2740 308 2796 werden
326 2740 442 2793 wurden.
828 2741 905 2795 stadt
922 2756 978 2795 war
996 2740 1137 2808 Gergovia.
1296 2808 1299 2813 .

234 2830 280 2885 31.
301 2834 324 2883 1.
338 2842 368 2882 eo
386 2827 501 2882 connlc'o
520 2826 636 2880 dimisso.
655 2826 777 2881 Other·
863 2832 889 2882 4.
921 2832 1082 2895 potentatur
1105 2852 1140 2873 =
1162 2828 1342 2896 principatus.
1373 2851 1401 2863 -
1456 2879 1457 2892 ,

199 2920 266 2988 geht
291 2918 333 2972 die
356 2916 516 2984 Abhaltung
540 2914 588 2969 des
613 2915 776 2984 Landtages
829 2911 1403 2982 Germaniaremaerentur,wahrscheinlich

200 3038 232 3046 -
256 3006 339 3069 idem,
363 3021 415 3059 nur
434 3004 509 3059 diese
528 3004 610 3059 Fcrm
629 3003 677 3058 dea
695 3004 775 3059 Nom.
828 3021 854 3063 a.
873 3008 905 3057 71
924 3019 949 3058 a.
967 3003 1033 3061 chr.

198 3095 271 3163 plur.
290 3094 334 3147 bei
354 3091 383 3149 G.
864 3094 888 3145 5.
906 3089 1401 3159 copiae‚VorrtteanLehensmitteln.

234 3187 260 3237 2.
279 3180 438 3235 contendere
453 3184 479 3234 et
498 3180 625 3235 laborare
643 3203 675 3226 =
694 3181 775 3236 vehe·
829 3209 860 3220 -
882 3178 919 3232 ad
937 3178 972 3237 cf.
990 3197 1015 3239 z.
1033 3197 1055 3235 c.
1074 3184 1100 3234 4.
1118 3184 1144 3233 2.

199 3269 369 3325 meritissime
395 3268 559 3323 contendere
586 3268 621 3325 cl.
640 3269 665 3325 b.
684 3284 707 3323 c.
726 3268 775 3324 111.
863 3270 889 3322 6.
908 3281 1051 3334 coeuntque
1059 3266 1174 3321 clientes.
1186 3265 1402 3323 KleinereStaa-

202 3362 243 3415 17.
266 3360 290 3413 5.
328 3357 385 3411 Das
411 3356 541 3411 deutsche
565 3355 682 3414 Adverb.
707 3345 792 3411 wird'
828 3362 886 3423 ten,
910 3354 1012 3410 welche
1033 3356 1062 3408 in
1084 3356 1130 3409 ein
1154 3350 1402 3410 Sehutzverhtltnis

199 3442 293 3513 htnfig
318 3443 403 3499 durch
430 3442 474 3498 die
498 3444 778 3513 Znsammenstellung
831 3442 980 3512 (clientela)
993 3460 1028 3497 zu
1039 3443 1166 3512 grossern
1180 3444 1294 3498 Staaten
1306 3446 1402 3502 traten

198 3548 362 3603 synonymer
379 3532 489 3587 Verben
507 3531 698 3601 ausgedruckt.
830 3530 935 3586 hiessen
959 3531 1081 3587 clientes.
1118 3519 1194 3587 fiber
1221 3532 1265 3586 die
1283 3525 1403 3585 Klientel

236 3626 262 3679 3.
289 3618 396 3674 Gallim
419 3619 505 3673 totins
522 3618 657 3685 factiones
675 3620 709 3675 ci.
729 3620 776 3676 VI.
830 3618 880 3674 der
906 3608 1002 3674 hduer
1040 3619 1074 3675 cf.
1101 3620 1151 3674 VI.
1179 3623 1220 3676 12.
1248 3622 1265 3674 2
1301 3629 1403 3673 summa

201 3712 242 3764 12.
271 3714 295 3766 1.
332 3708 403 3762 Dort
433 3707 542 3762 werden
571 3708 704 3778 richtiger
733 3709 777 3765 die
828 3708 978 3763 auctoritas
996 3713 1057 3762 erat
1075 3708 1103 3761 in
1118 3707 1221 3763 Aeduis
1238 3716 1402 3775 magnaeque

199 3797 340 3864 Sequaner
361 3796 402 3850 als
426 3794 470 3850 die
487 3795 596 3849 unirer
623 3796 672 3851 der
696 3798 777 3853 einen
829 3811 921 3850 eorum
934 3802 1015 3849 erant
1027 3795 1180 3862 clientelae,
1195 3794 1251 3851 und
1263 3795 1321 3849 v11
1333 3792 1401 3849 Μ

200 3885 294 3939 Partei
312 3890 438 3953 genannt
464 3884 701 3940 thracheinlich
714 3886 775 3940 hat·
829 3883 937 3939 werden
955 3884 1081 3939 mehrere
1099 3884 1204 3938 thker
1222 3884 1264 3939 als
1278 3883 1401 3937 Klienteu

199 3982 246 4028 ten
270 3972 313 4028 die
331 3972 471 4027 Arverner
497 3972 551 4027 seit
569 3972 644 4027 ihrer
660 3972 776 4027 Nieder·
829 3962 1149 4039 derhtueraufgezahlt.
1162 4002 1194 4011 -
1207 3964 1402 4025 omnemuobdt'r

198 4062 261 4130 lage
273 4062 359 4116 durch
372 4061 420 4128 Qu.
430 4060 530 4115 Fabius
540 4061 676 4115 Maximus
689 4076 713 4114 a.
725 4063 774 4114 121
829 4064 921 4125 tatem,
933 4074 1036 4113 omnem
1046 4065 1177 4125 senatum,
1188 4074 1288 4113 munem
1300 4055 1401 4126 equita·

199 4162 223 4201 v.
237 4147 302 4205 Chr.
316 4148 359 4204 die
371 4147 570 4202 Fthrerschaft
589 4146 723 4203 verioren.
743 4177 774 4187 -
829 4152 896 4213 tum,
914 4147 1064 4215 Anaphcra
1087 4147 1122 4200 cl.
1144 4163 1166 4199 z.
1189 4162 1212 4200 c.
1237 4150 1279 4202 14.
1296 4150 1321 4204 3.
1352 4138 1402 4195 uie

199 4236 345 4304 Aromata,
375 4237 419 4291 ein
450 4234 602 4303 machtiger
627 4235 777 4290 keltischer
829 4234 959 4289 Verlnste
982 4225 1145 4289 retituet
1167 4235 1227 4289 sind
1247 4230 1403 4290 sehrtber-

199 4325 399 4395 Volksstamm,
431 4324 549 4378 welcher
579 4324 615 4378 im
638 4321 777 4378 Flulsthal
830 4322 946 4377 trieben.
