2934 4750
159 143 200 203 32
632 153 674 207 De
692 154 764 209 bello
784 152 900 208 Gallico.
935 190 939 206 .

176 315 193 367 6
211 295 386 377 periculum
401 301 566 376 augeatur.
598 295 706 359 Prima
721 295 792 360 luce
808 296 853 360 sic
869 313 907 360 cx
931 296 1044 360 castris
1060 295 1311 376 proficiscuntur,
1332 300 1374 358 ut

211 400 326 482 qnibns
345 408 430 466 esset
445 419 633 482 persuasum
647 419 711 466 non
736 403 776 466 ab
799 401 901 480 hoste,
925 402 980 466 sed
1005 401 1045 465 ab
1068 401 1195 466 homine
1217 401 1373 465 amicissi-

211 525 262 572 mo
272 505 437 572 consilium
448 507 568 585 datum,
585 506 768 587 longissimo
778 507 903 588 agmine
919 508 1126 588 maximisque
1138 507 1372 588 impedinentis.

177 633 191 683 1
301 617 351 677 32.
374 614 417 676 At
440 612 558 691 hostes,
582 619 788 693 posteaquam
812 632 849 678 ex
873 620 1028 678 nocturno
1050 610 1178 677 fremitu
1193 612 1374 694 vigiliisque

212 719 250 782 de
272 717 467 799 profectione
494 737 604 783 eorum
628 725 805 794 senserunt,
835 718 998 784 collocatis
1021 718 1143 783 insidiis
1166 718 1316 799 bipertito
1339 719 1375 782 in

210 824 299 890 silvis
322 829 499 906 opportuno
522 829 618 906 atque
634 824 758 890 occulto
783 824 851 890 loco
875 843 893 888 a
917 824 1046 888 milibus
1068 843 1218 906 passuum
1244 824 1376 889 circiter

175 929 332 998 aduobus
356 929 568 994 Romanorum
591 930 762 994 adventum
786 931 1023 1010 exspectabant,
1052 937 1085 994 et
1113 948 1184 994 cum
1213 946 1247 994 se
1270 929 1376 993 maior

210 1054 284 1116 pars
307 1037 441 1118 agminis
463 1037 494 1099 in
510 1054 659 1117 magnam
674 1035 849 1100 convallem
866 1035 1053 1115 demisisset,
1079 1054 1116 1099 ex
1132 1041 1265 1116 utraque
1282 1041 1378 1114 parte

211 1142 278 1206 eius
309 1140 403 1206 uallis
436 1142 540 1206 subito
575 1160 609 1206 se
641 1141 849 1206 ostenderunt
881 1142 1129 1222 novissimosque
1162 1159 1306 1223 premere
1343 1147 1378 1204 et

210 1249 328 1328 primos
351 1247 518 1329 prohibere
541 1264 675 1312 ascensu
700 1253 796 1328 atque
819 1247 1014 1328 iniquissimo
1038 1247 1155 1312 nostris
1184 1247 1252 1312 loco
1283 1264 1376 1326 proe-

210 1353 286 1416 lium
310 1354 506 1418 committere
529 1358 712 1434 coeperunt.

177 1479 191 1526 1
300 1464 350 1525 33.
385 1459 465 1523 Tum
488 1459 615 1524 demum
637 1459 788 1538 Titurius,
813 1460 867 1541 qui
891 1459 968 1523 nihil
991 1465 1065 1523 ante
1089 1457 1287 1539 providisset,
1311 1461 1377 1520 tre-

209 1565 321 1644 pidare
345 1568 378 1628 et
400 1582 589 1629 concursare
613 1565 822 1646 cohortesque
845 1565 1023 1646 disponere,
1056 1565 1135 1630 haec
1167 1572 1273 1628 tamen
1303 1563 1377 1645 ipsa

209 1670 319 1734 timide
342 1676 438 1751 atque
461 1678 498 1735 ut
520 1689 593 1735 enm
616 1673 722 1736 omnia
745 1669 879 1736 deficere
902 1672 1098 1748 viderentur;
1127 1671 1210 1750 quod
1234 1671 1375 1750 plerum-

209 1794 271 1856 que
294 1776 333 1840 iis
355 1776 497 1842 accidere
514 1779 688 1857 cousuevit,
712 1779 766 1858 qui
790 1779 823 1841 in
845 1778 914 1859 ipso
935 1777 1061 1860 negotio
1078 1776 1242 1841 consilium
1260 1793 1375 1856 capere

174 1901 192 1951 2
211 1886 377 1964 coguntur.
425 1883 467 1946 At
490 1880 595 1960 Cotta,
627 1883 681 1965 qni
708 1885 883 1964 cogitasset
909 1883 988 1948 hacc
1010 1901 1104 1964 posse
1127 1883 1160 1946 in
1183 1882 1298 1946 itinere
1322 1899 1375 1945 ac·

210 1987 313 2052 cidere
335 1992 431 2069 atquc
459 1988 499 2052 ob
530 2006 601 2052 eam
624 2006 754 2054 cansam
785 1988 987 2070 profectionis
1017 1995 1128 2052 auctor
1158 2005 1221 2052 non
1251 1986 1375 2063 luisset,

209 2092 297 2156 nulla
319 2093 351 2156 in
375 2112 409 2156 re
432 2095 589 2158 communi
612 2094 708 2158 saluti
731 2096 842 2160 deerat
865 2102 896 2158 et
919 2095 950 2158 in
979 2093 1176 2176 appellandis
1206 2092 1375 2157 cohortan-

210 2199 321 2279 disque
352 2197 506 2264 militibus
536 2201 737 2282 imperatoris
768 2206 800 2265 et
828 2201 861 2264 in
891 2219 999 2282 pugna
1022 2199 1131 2264 militis
1155 2195 1258 2262 officia
1280 2215 1372 2278 prae-

176 2305 328 2375 astabat.
366 2301 445 2368 Cum
468 2309 596 2388 propter
619 2305 848 2388 longitudinem
873 2307 1005 2387 agminis
1029 2307 1130 2370 minus
1152 2302 1243 2368 facile
1267 2301 1372 2368 omnia

211 2427 324 2493 perse
347 2410 435 2475 obire
459 2416 500 2492 et,
532 2412 606 2493 quid
630 2430 754 2494 quoque
777 2412 846 2478 loco
870 2412 1060 2477 faciendum,
1081 2420 1175 2490 esset,
1208 2410 1374 2491 providere

212 2521 351 2599 possent,
389 2516 550 2581 iusserunt
583 2520 793 2599 pronuntiari,
829 2525 866 2583 ut
896 2512 1120 2600 impedimenta
1151 2515 1375 2611 relinquerent

194 2658 220 2709 6.
238 2661 269 2708 ut
288 2655 387 2724 quibua
410 2680 444 2699 =
467 2665 497 2710 nt
522 2657 556 2723 ii,
580 2658 686 2724 quibus.
706 2688 738 2695 -
795 2667 854 2711 sata
867 2674 928 2711 zum
942 2658 1097 2725 Hauptsatz
1111 2657 1263 2723 enthalten‚
1277 2655 1310 2709 cf.
1325 2656 1373 2710 Vl.

159 2744 315 2813 lonqiaaimo
327 2744 433 2811 apmine
451 2745 635 2813 proximisque
656 2745 741 2799 tater-
795 2749 838 2801 36.
859 2752 880 2799 l.
917 2746 1022 2812 Cicero,
1041 2746 1087 2813 qui
1105 2760 1199 2799 omues
1218 2745 1375 2811 superiores

159 2832 248 2898 voilia
268 2832 322 2885 abl.
340 2833 421 2886 modi.
797 2835 854 2888 dies
877 2833 978 2888 milites
1002 2835 1030 2887 in
1056 2834 1153 2888 castris
1181 2833 1374 2886 continuisset.

194 2920 241 2975 32.
277 2925 300 2973 1.
318 2920 481 2989 pipiliisque,
500 2936 552 2975 ans
573 2921 633 2975 dem
646 2922 742 2975 nacht-
799 2952 827 2963 -
839 2922 977 2989 trepidare
990 2928 1015 2974 ct
1026 2936 1188 2975 concursare
1200 2920 1375 2987 cohortesque

159 3008 250 3062 lichen
259 3008 471 3065 Treiben.—dc
475 3010 643 3077 profectione
652 3025 743 3063 eorum
797 3010 940 3079 disponere
947 3050 955 3076 ,
975 3009 1021 3064 inf.
1041 3011 1118 3078 hist,
1142 3010 1244 3063 welche
1263 3008 1307 3063 die
1326 3024 1372 3076 ge-

159 3103 309 3151 seaseruat.
347 3097 423 3151 Uber
441 3097 485 3152 die
499 3098 677 3165 Verbindung
690 3097 739 3153 der
794 3098 926 3166 schiftige
945 3098 1008 3153 Eile
1028 3099 1075 3152 des
1089 3098 1213 3152 Titurius
1227 3098 1324 3153 malen.
1337 3126 1373 3135 —

158 3186 324 3239 transitiren
347 3185 456 3239 Verben
478 3187 530 3239 mit
548 3185 582 3240 de
602 3194 672 3241 stati
690 3188 739 3240 mit
793 3186 1119 3254 cohortesqucdisponera.
1131 3184 1374 3240 Erformiertedie

161 3271 221 3326 dern
250 3272 457 3341 Obiektsaccus.
487 3274 521 3329 cf.
545 3291 567 3328 c.
591 3278 633 3329 36.
653 3278 677 3329 3.
706 3276 740 3329 de
793 3272 1372 3329 inMarschkolonnebefindlichenKohor·

161 3376 210 3415 sua
222 3378 255 3415 ae
267 3362 385 3415 militum
397 3362 487 3416 salute
500 3364 633 3432 inpetrari
644 3378 739 3432 posse3
793 3371 839 3417 ten
869 3380 903 3417 zu
934 3363 983 3417 der
1010 3361 1216 3430 gewdhnlichen
1241 3360 1373 3429 Angriffs-

163 3480 192 3488 -
208 3465 226 3501 a
244 3450 352 3503 molitus
356 3467 492 3518 passuum
503 3451 611 3505 circiter
624 3452 740 3518 duodus,
795 3453 922 3519 stellung,
934 3466 979 3504 um
988 3451 1057 3518 sich,
1067 3450 1277 3517 uenumdgliclq
1289 3450 1373 3503 durch

161 3539 335 3593 Bezeichnun
351 3539 399 3593 der
410 3537 585 3607 Entiernung
600 3539 632 3593 E.
649 3539 675 3593 S.
690 3543 741 3594 180
795 3540 837 3594 die
848 3536 1218 3605 Feindedurchzusclrlagen.
1229 3567 1262 3576 —
1274 3537 1373 3602 omnio,

162 3629 239 3684 dnm.
258 3630 274 3679 2
293 3626 320 3681 S.
341 3627 383 3681 W.
405 3630 454 3681 197
472 3628 503 3681 Z.
522 3632 547 3682 3.
795 3628 849 3682 alle
874 3626 1106 3695 Elpenschaften,
1132 3626 1235 3679 welche
1259 3626 1304 3679 ein
1328 3626 1372 3679 be·

195 3720 221 3769 2.
241 3731 275 3767 aa
289 3720 407 3781 utroquo
419 3720 509 3782 parte,
527 3732 572 3769 am
590 3716 742 3783 Eingangs·
795 3732 932 3771 sonnener
951 3714 1086 3769 Feldherr
1105 3714 1194 3767 haben
1213 3712 1273 3768 soll.
1293 3743 1326 3752 -
1343 3713 1374 3765 ia

161 3804 217 3857 und
254 3803 461 3871 Ausgangspuis
497 3803 545 3857 der
579 3805 743 3859 Thalmulde
795 3805 985 3872 ipsanepotio,
1004 3804 1157 3872 garadewo
1172 3819 1201 3857 es
1214 3802 1317 3857 darauf
1326 3817 1372 3856 an·

160 3891 743 3962 (convallis).—ammaimoa=norissimum
796 3893 899 3946 kommt
918 3908 950 3945 zn
970 3891 1099 3945 handeln.
1118 3920 1151 3929 -

160 3995 267 4048 agmen.
557 3991 559 3994 ·
831 3984 856 4035 2.
876 3980 924 4047 qui
936 3980 1086 4049 copitoaset,
1101 3980 1144 4033 ein
1157 3978 1373 4032 kansalch'ela·
1388 4005 1391 4010 ·

196 4069 243 4125 33.
264 4076 288 4123 1.
298 4068 398 4136 qai...
403 4068 581 4137 providisset,
591 4068 742 4138 „wahrend
796 4070 907 4123 tivsatz.
926 4098 959 4107 -
979 4060 1150 4122 aamercort
1168 4067 1275 4133 fuisset
1302 4066 1374 4120 nicht

161 4171 192 4209 er
211 4158 297 4220 etc.⁴‘;
316 4172 347 4210 so
366 4159 440 4213 steht
452 4158 578 4225 htniiger
597 4158 646 4211 der
658 4157 740 4225 Konj.
794 4174 869 4211 wozu
882 4156 1069 4224 raten„,nicht
1082 4156 1265 4222 gutheiisen“,
1279 4154 1313 4212 cf.
1327 4156 1350 4206 ll
1355 4154 1373 4206 Ι.

162 4245 190 4297 in
203 4244 415 4315 Relativsdtzen,
427 4246 530 4301 welche
543 4247 622 4300 einen
635 4245 741 4313 Gegen·
797 4248 836 4302 17.
846 4245 941 4313 3quod
954 4254 1079 4299 auctores
1092 4244 1225 4299 belliesae
1236 4243 1372 4298 nolebant.
