2934 4750
565 187 666 244 comm.
685 184 732 244 v1.
752 188 866 242 22-23.
1279 173 1295 230 7
1304 173 1316 231 l

91 349 135 396 se
167 330 302 396 vastatis
328 329 443 394 finibus
474 328 662 394 solitudines
689 327 817 393 habere.
865 327 933 392 Hoc
956 328 1117 409 proprium
1140 326 1267 391 virtutis
1286 339 1329 394 a.

93 436 305 516 existimant,
334 434 481 516 expulsos
510 434 597 517 agris
624 431 774 498 finitimos
798 432 924 510 cedere,
952 450 1054 514 neque
1078 449 1268 513 quemquam

91 559 204 624 prope
226 541 345 606 audere
367 541 555 622 consistere3
579 538 673 603 simul
683 537 757 617 ‚hoe
778 555 813 603 se
837 537 903 602 lore
919 539 1054 603 tutiores
1072 537 1308 602 arbitranturs

92 648 290 730 repentinae
312 647 500 713 incursionis
523 647 637 712 timore
658 645 794 710 sublato.
840 641 920 709 Cum
936 642 1052 710 bellum
1076 645 1187 709 civitas
1211 649 1303 708 autc

93 752 239 818 inlatum
262 750 404 817 defendit
425 757 482 817 aut
510 750 622 831 infert,
650 751 868 833 magistratus,
890 750 943 830 qui
967 749 996 814 ei
1018 749 1101 814 hello
1125 751 1267 830 praesint

96 865 132 923 et
149 859 239 923 vitae
254 858 403 940 necisque
419 857 558 923 habeant
573 862 775 939 potestatem,
794 855 983 936 deliguntur.
1018 856 1054 920 lu
1070 860 1147 937 pace
1162 854 1267 921 nullus
1286 869 1302 918 s

95 973 152 1029 est
178 965 353 1030 eommunis
377 963 598 1045 magistratus,
626 962 684 1028 sed
711 962 871 1044 principes
901 961 1065 1044 regionum
1089 968 1185 1043 atque
1212 979 1267 1044 pa·

94 1087 218 1152 gerum
241 1070 325 1134 iuter
348 1086 423 1134 suos
444 1069 493 1133 ius
510 1069 620 1134 dicunt
640 1067 937 1148 controversiasque
953 1067 1108 1134 minuunt.
1154 1068 1302 1132 Latro-o

97 1175 189 1241 cinis
203 1174 324 1239 nullam
340 1173 461 1239 habent
474 1173 646 1253 infamiam,
663 1191 747 1255 quae
762 1179 853 1238 extra
868 1170 948 1238 fines
965 1173 1115 1254 cuiusque
1131 1173 1267 1239 civitatis

95 1280 200 1360 finnt,
231 1287 327 1361 atque
355 1298 394 1344 ea
421 1280 593 1345 iuuentutis
621 1279 815 1345 exercendae
845 1296 883 1343 ac
912 1277 1052 1344 desidiae
1080 1279 1267 1344 minuendae

98 1405 203 1453 cause
217 1384 284 1451 fieri
298 1385 495 1467 praedicant.
543 1389 646 1466 Atque
661 1385 716 1450 ubi
732 1385 803 1466 quis
820 1384 1066 1466 exprincipibus
1086 1385 1117 1449 iu
1134 1385 1266 1450 concilio
1286 1395 1301 1445 7

99 1494 184 1559 dixit
205 1510 240 1556 se
263 1491 375 1556 ducem
397 1490 475 1568 fore,
498 1492 553 1572 qui
574 1492 664 1573 sequi
687 1491 799 1571 velint,
825 1488 1046 1572 profiteantur,
1072 1496 1267 1572 consurgunt

99 1600 135 1678 ii,
160 1598 214 1680 qui
238 1604 415 1662 etecusam
437 1602 470 1662 et
491 1595 649 1662 hominem
666 1596 811 1678 probant,
835 1613 989 1676 suumque
1004 1595 1153 1660 auxilium
1178 1595 1266 1677 polli-

101 1709 218 1770 centur
246 1708 343 1783 atque
371 1721 392 1768 a
419 1701 623 1767 multitudiue
656 1701 897 1783 collaudantur3
930 1695 988 1782 ‘qui
1017 1719 1055 1765 ex
1085 1701 1133 1766 his
1164 1702 1301 1766 secutis

102 1827 169 1874 nou
192 1812 275 1887 suut,
298 1809 330 1872 in
355 1808 554 1874 desertorum
577 1826 615 1873 ac
631 1808 829 1890 proditorum
853 1824 984 1873 numero
1008 1806 1176 1888 ducuntur,
1200 1825 1266 1872 om-

106 1915 254 1995 uiamque
281 1913 330 1979 his
358 1933 464 1979 rerum
493 1919 605 1996 postea
626 1913 705 1978 tides
728 1913 911 1995 derogatur.
959 1912 1124 1994 Hospitem
1147 1912 1301 1978 violares

107 2016 156 2084 fas
179 2037 239 2084 non
261 2024 387 2101 putant,
412 2021 466 2101 qui
489 2038 687 2102 quacumque
710 2021 750 2084 de
774 2037 869 2084 causa
890 2018 931 2083 ad
954 2028 1009 2084 'eos
1032 2025 1196 2098 venerunt,
1223 2019 1264 2084 ab

316 2160 422 2171 ——-——

139 2232 165 2282 2.
189 2227 259 2296 Hoc,
280 2229 314 2284 cf.
332 2246 355 2284 c.
377 2234 417 2284 14.
443 2233 460 2283 b
478 2231 606 2299 Inprimis
623 2231 684 2288 hoc.
774 2234 908 2298 docetque,
928 2228 1074 2296 steigerud,
1093 2228 1127 2284 cf.
1146 2245 1168 2284 c.
1190 2231 1231 2283 19.
1250 2233 1273 2284 4.

103 2346 135 2357 -
161 2318 310 2385 proprium
340 2318 519 2389 ,Merkmal“.
537 2349 571 2358 -
588 2333 685 2387 prope,
774 2322 797 2375 7.
817 2335 851 2372 ecc
860 2317 1044 2388 principibus,
1060 2317 1134 2371 nicht
1148 2316 1318 2388 dienach§5

104 2406 270 2461 adverbium
288 2407 336 2462 des
356 2406 448 2462 Ortes.
738 2424 772 2463 cu
788 2408 921 2463 Richtern
931 2406 1082 2463 erwahlten
1092 2406 1244 2476 Principes,
1255 2422 1318 2461 son·

155 2498 183 2551 4.
201 2500 227 2548 et
244 2495 316 2549 uitae
333 2494 459 2564 necisque
476 2497 594 2550 habeant
607 2502 684 2565 pote·
740 2496 983 2565 dernVornehme,
1000 2495 1176 2550 welcbekeiu
1187 2499 1251 2549 Amt
1263 2494 1318 2549 und

104 2586 209 2637 atatem.
241 2582 371 2652 chegen
391 2591 455 2652 sagt
470 2585 535 2639 Tac.
552 2585 644 2640 Germ.
660 2590 684 2654 7,
740 2584 834 2640 darum
853 2585 916 2639 Zeit
943 2601 977 2638 cu
1005 2584 1119 2639 solchen
1147 2584 1318 2653 freiwilligen

105 2668 164 2724 dass
183 2688 236 2725 nur
255 2670 300 2726 die
319 2673 440 2727 Priester
460 2672 509 2727 das
529 2674 618 2728 Recht
636 2674 685 2729 der
738 2672 928 2741 Kriegszdgen
957 2660 1067 2729 hatten.¹
1082 2702 1116 2713 -
1139 2672 1171 2725 e'rr
1194 2672 1318 2740 coneilio,

102 2756 194 2813 Strafe
218 2758 316 2814 hatten
340 2777 404 2827 ,non
423 2762 502 2828 quasi
520 2762 547 2815 in
566 2778 682 2830 poenam
738 2761 817 2815 nicht
848 2760 875 2814 iu
907 2760 958 2815 den
990 2759 1234 2829 Versammlungen
1271 2760 1318 2814 des

102 2860 155 2901 uec
174 2846 251 2900 ducis
270 2846 354 2915 iussu,
372 2846 422 2901 sed
439 2847 515 2901 velut
534 2848 585 2903 deo
597 2850 682 2917 impe·
736 2846 1317 2916 ganaenStaates,welchenachTacGerm.

98 2943 203 3000 rante,
249 2949 327 3001 quem
378 2935 475 2989 adesse
516 2936 683 2991 bellantibus
738 2941 769 2990 11
789 2951 824 2990 an
843 2935 1016 2990 bestimmten
1029 2936 1123 3004 Tagen
1149 2936 1317 3004 ahgehalten

97 3022 237 3077 credunt‘.
736 3023 862 3090 worden,
893 3023 1011 3079 sondern
1034 3025 1061 3077 in
1086 3023 1138 3077 den
1160 3024 1317 3078 Versamm-

154 3110 180 3164 b.
199 3107 237 3162 Ia
259 3124 329 3177 paee
355 3110 448 3165 eatae
469 3116 509 3166 est
535 3113 683 3166 communis
736 3111 836 3181 lungen
854 3112 904 3166 der
921 3112 1061 3166 kleineren
1080 3112 1225 3166 Verbt'aude
1245 3114 1317 3180 (ceu-

98 3196 293 3265 ompistratus,
313 3198 371 3253 scil.
385 3199 681 3267 desganzenStaates.
736 3200 811 3270 teni).
841 3228 874 3239 —
906 3201 953 3267 qut
970 3200 1045 3267 sequi
1065 3200 1155 3266 uelint,
1183 3200 1317 3256 demnueh

100 3314 134 3322 —
138 3284 280 3353 principes
290 3287 431 3355 reqionum
441 3294 523 3355 etque
532 3303 681 3357 paporum,
734 3304 827 3343 waren
838 3289 865 3341 iu
878 3287 1042 3343 Germanien
1058 3288 1197 3343 dieselben
1207 3288 1317 3355 Gefclg·

99 3373 330 3428 wahrscheinlich
354 3390 405 3430 ans
423 3375 496 3429 allen
514 3376 616 3431 Freien
635 3377 684 3431 aut
736 3376 862 3431 sohaiten
872 3376 914 3431 als
922 3377 965 3431 hei
973 3376 1025 3431 deu
1033 3376 1315 3447 subornatorum.

100 3462 161 3516 eine
188 3460 342 3517 bestimmte
369 3464 433 3518 Zeit
464 3464 516 3518 frei
544 3465 681 3532 gewahlte
736 3496 770 3504 -
784 3465 981 3533 profiterentur,
1000 3468 1070 3521 nach
1089 3467 1149 3522 dem
1167 3466 1316 3521 iterativen

101 3549 242 3617 Beamten,
276 3551 319 3605 die
343 3550 479 3607 Obersten
502 3552 551 3607 der
575 3569 681 3621 germa-
735 3554 781 3607 uhi
800 3556 860 3621 quis
947 3555 1017 3609 dixit
1035 3556 1105 3611 mnis
1128 3556 1155 3609 in
1175 3556 1236 3609 dem
1251 3554 1317 3609 Aul-

100 3639 214 3692 nischen
242 3638 512 3707 Hundertschaften,
549 3640 583 3694 ci.
616 3641 681 3699 Tac.
735 3642 976 3710 forderungssatze
996 3644 1044 3697 der
1061 3643 1141 3712 Konj.
1157 3644 1316 3699 Praesentis

101 3724 190 3779 Germ.
214 3728 229 3779 7
259 3726 408 3797 llliguutur
440 3730 467 3783 iu
497 3728 594 3783 iisdem
619 3745 682 3783 eon·
737 3731 844 3785 stehen.
863 3760 897 3769 -
914 3732 1036 3799 probaret
1056 3732 1198 3802 ,Geiallen
1217 3731 1316 3787 findet

101 3813 170 3867 ciliis
191 3822 220 3868 et
232 3815 381 3883 principes,
401 3817 447 3883 qui
460 3816 520 3870 iura
533 3832 583 3884 per
595 3833 681 3885 pagos
771 3820 797 3875 9.
807 3817 951 3885 Hospitem
963 3819 1065 3873 uiolare
1076 3820 1124 3885 fas
1136 3834 1192 3873 noo
1200 3825 1315 3887 putant,

101 3901 229 3970 vicosque
256 3903 383 3960 reddunt.
425 3902 540 3958 Centeni
564 3905 681 3973 singulis
736 3905 770 3960 cf,
800 3906 866 3960 Tac.
892 3906 1019 3962 German.
1052 3911 1084 3962 21
1120 3908 1316 3976 Quemcunque

101 3992 233 4061 explebe
252 3992 376 4060 comites,
395 3992 536 4046 consilium
556 3994 634 4047 simul
654 4002 682 4048 et
735 3994 891 4049 mortalium
901 4010 996 4049 arcere
1009 4002 1082 4050 tecto
1093 3996 1170 4052 naias
1183 3996 1314 4060 habetur;

97 4081 267 4148 auctoritas,
304 4079 411 4134 adsunt.
455 4110 487 4119 -
531 4082 681 4152 reqionum,
735 4098 785 4150 pro
804 4082 916 4137 fortuna
935 4085 1050 4151 quisque
1069 4086 1213 4153 apparatis
1226 4085 1313 4152 epulis

94 4168 224 4236 gretsero
243 4166 358 4221 Bezirlre
376 4167 419 4222 als
436 4168 507 4235 pagi.
527 4174 682 4222 -contro-
736 4171 846 4237 excipit.
866 4198 899 4209 -
925 4171 971 4237 qai
990 4186 1156 4239 quaesitaque
1180 4172 1211 4225 de
1229 4187 1315 4225 caesa

92 4255 255 4323 vermesque
272 4255 408 4321 minueret,
430 4254 464 4311 cl.
484 4255 516 4310 V.
536 4260 579 4311 26.
599 4262 623 4314 4.
735 4258 773 4311 ed
792 4274 838 4312 eos
855 4264 1000 4325 uenerant,
1024 4259 1127 4314 welche
1147 4276 1197 4314 aus
1218 4259 1320 4325 irgend
