2934 4750
551 215 652 271 comm.
670 214 745 275 VIII.
763 217 877 270 44446.
1253 207 1315 270 115

210 360 261 421 46.
294 357 342 420 Ea
363 375 398 421 re
420 356 546 438 cognita
569 355 696 437 Caesar,
720 375 792 424 cnm
815 357 848 424 in
863 358 1007 424 omnibns
1023 358 1167 440 partibus
1185 357 1261 424 Gal·
1283 373 1296 421 1

103 463 168 528 liae
198 462 279 527 bene
302 456 354 526 res
377 462 446 543 geri
476 462 600 528 videret
629 463 846 545 iudicaretque
883 464 1100 546 superioribus
1134 464 1262 530 aestivis

106 568 240 633 Galliam
265 567 421 632 deuotam
443 569 670 649 subactamque
686 587 767 652 esso,
790 569 991 651 Aquitaniam
1001 586 1179 651 numquam
1195 570 1263 652 ipse

106 675 233 754 adisset,
257 673 314 737 sed
336 692 393 754 per
416 672 448 740 P.
475 671 626 739 Crassum
648 675 787 758 quadam
811 680 964 757 exparte
987 675 1163 762 devicisset,
1193 695 1263 742 oum

107 779 230 845 duabus
253 779 429 861 legionibus
446 780 484 844 iu
504 799 578 845 eam
601 786 726 862 partem
749 780 872 846 Galliae
895 786 946 846 est
968 780 1140 863 profectus,
1164 786 1199 846 ut
1220 781 1266 846 ibi

107 890 282 951 extremum
305 889 429 967 tempus
452 890 652 955 consumeret
683 887 886 952 aestivorum.
932 886 1034 964 Quam
1062 906 1139 965 rem,
1171 886 1300 952 sicutia
1387 944 1392 957 .

108 996 225 1070 cetera,
250 990 396 1056 celeriter
418 988 615 1074 feliciterque
627 990 781 1071 confecit3
803 1010 1058 1074 namqueomnes
1075 992 1265 1074 Aquitaniae

108 1095 398 1186 civitates-legatos
420 1096 462 1160 ad
485 1094 652 1162 Caesarem
676 1098 830 1162 miserunt
850 1095 1042 1179 obsidesque
1057 1097 1265 1164 eidederuut.

109 1201 230 1280 Quibus
251 1202 346 1266 rebus
368 1203 466 1282 gestis
489 1203 557 1285 ipse
580 1203 723 1285 equitum
736 1203 892 1285 praesidio
908 1201 1090 1268 Narbonem
1106 1201 1266 1286 profectus
1285 1217 1301 1266 3

110 1295 169 1388 est,
193 1309 364 1373 exercitum
387 1301 443 1388 per
458 1307 582 1390 legatos
598 1309 630 1373 in
646 1309 778 1374 hiberna
793 1309 938 1376 deduxit:
961 1313 1113 1390 quattuor
1128 1309 1268 1391 legiones
1285 1321 1303 1370 4

9 1412 13 1419 '
109 1415 142 1479 in
164 1413 273 1494 Belgio
297 1413 463 1479 collocavit
486 1432 557 1480 cnm
580 1414 632 1479 M..
645 1415 783 1480 Antonio
806 1419 837 1482 et
861 1413 895 1480 O.
920 1414 1076 1480 Trebonio
1099 1419 1132 1480 et
1154 1414 1189 1479 P.
1207 1415 1268 1480 Va·

105 1521 188 1598 tinio
220 1519 345 1601 legatis,
378 1519 456 1584 duas
484 1511 625 1602 legiones
654 1521 687 1586 in
717 1520 868 1586 Haeduos
904 1521 1043 1600 deduxit,
1074 1539 1207 1600 quorum
1235 1521 1267 1585 in

111 1627 196 1690 omni
219 1623 326 1689 Gallia
347 1642 502 1690 summam
525 1644 594 1692 esse
618 1627 841 1692 auctoritatem
863 1626 994 1704 sciebat,
1019 1625 1099 1691 duas
1122 1626 1154 1690 iu
1170 1625 1269 1691 Turo-

112 1731 161 1796 nis
183 1731 223 1801 ad
255 1729 333 1795 fines
364 1729 539 1796 Carnutum
572 1732 688 1814 posuit,
720 1750 800 1814 qnae
835 1750 959 1799 omnem
992 1730 1080 1797 illam
1108 1732 1268 1812 regionem

113 1837 311 1902 coniunctam
334 1836 461 1902 Oceano
492 1839 697 1917 continerent,
727 1838 807 1903 duas
835 1837 975 1919 reliquas
1004 1838 1037 1903 iu
1067 1837 1269 1903 Lemovicum

113 1942 227 2008 linibus
249 1962 314 2008 nou
335 1943 429 2026 longe
452 1945 493 2009 ab
516 1944 675 2026 Arvernis,
698 1963 738 2008 ne
762 1963 826 2027 qna
848 1963 924 2027 pars
947 1942 1070 2008 Galliae
1101 1961 1202 2009 vacua
1229 1945 1269 2008 ab

114 2049 253 2114 exercitu
285 2054 378 2117 esset.
424 2049 546 2116 Paucos
577 2050 645 2116 dies
673 2050 743 2133 ipse
773 2051 805 2116 in
833 2050 994 2132 provincia
1023 2054 1170 2128 moratus,
1202 2059 1308 2113 cums

115 2155 258 2221 celeriter
279 2172 388 2220 omnes
411 2161 584 2221 conventus
606 2157 865 2238 percucurrisset,
882 2156 1025 2238 publicas
1041 2155 1273 2221 controversias

115 2265 289 2342 cognosset,
312 2261 392 2327 bene
414 2263 536 2328 meritis
559 2262 698 2343 praemia
721 2262 888 2329 tribuisset
906 2299 944 2308 —
963 2259 1174 2344 cognoscendi
1190 2260 1308 2325 enims

116 2368 284 2458 maximam
307 2366 490 2435 facultatem
514 2368 661 2447 habebat,
683 2368 770 2452 quali
800 2368 934 2451 quisque
965 2366 1076 2433 fuisset
1110 2367 1214 2432 animo
1242 2366 1274 2431 in

150 2526 197 2581 46.
235 2531 258 2579 1,
277 2526 466 2593 asperioribus
476 2527 593 2591 aestivis,
614 2527 648 2582 of.
668 2544 691 2581 c.
747 2533 845 2580 ventus
864 2526 991 2593 agendos.
1015 2555 1045 2565 -
1066 2527 1194 2593 publicos
1221 2532 1328 2580 contro·

116 2617 140 2671 6,
162 2619 189 2683 l;
209 2614 268 2667 hier
285 2614 420 2681 gersdezu
441 2614 486 2682 ,in
506 2614 559 2667 den
578 2614 692 2669 frdhern
746 2613 862 2679 caraios,
887 2613 930 2669 die
954 2614 1164 2681 Streitigkeiten
1188 2614 1321 2668 zwischen

118 2702 301 2770 Feldziigeu.“
320 2731 352 2739 -
373 2688 573 2769 Aquitaniam.
594 2745 600 2757 .
620 2745 626 2758 .
645 2703 694 2756 od·
748 2701 797 2755 der
824 2702 979 2756 romischen
1010 2703 1065 2755 nud
1094 2700 1142 2755 der
1171 2701 1329 2754 nationalen

115 2791 190 2858 isset,
205 2789 363 2858 Asyudoton
377 2790 586 2844 adversativum.
600 2820 631 2829 -
642 2807 694 2858 per
748 2790 851 2858 Partci,
876 2789 962 2843 welch
988 2789 1105 2843 letztere
1128 2790 1199 2843 auch
1225 2789 1254 2841 in
1282 2788 1330 2843 der

117 2878 151 2931 P.
172 2877 300 2932 Crassum
319 2878 439 2946 quodam
462 2896 496 2932 cx
517 2884 598 2946 parte
622 2878 694 2932 deoi-
748 2876 1329 2947 Provinz,zumalw‘ahrendderblrhebung

117 2967 202 3032 nisset,
222 2965 256 3020 oi.
275 2967 325 3020 ΠΙ.
344 2971 457 3021 20-27.
749 2967 798 3020 dos
817 2965 1105 3020 keltisch'enGalliens
1125 2964 1330 3019 unterVeroin·

154 3059 178 3108 3.
199 3054 365 3120 Narbonem,
386 3055 419 3111 of.
440 3055 500 3110 VII.
520 3060 544 3110 7.
564 3060 589 3113 3.
750 3055 866 3122 getorix,
891 3054 999 3107 lrllhner
1019 3055 1244 3120 hervorgetreten
1263 3069 1328 3110 war.

154 3146 179 3199 4.
200 3142 232 3197 Ρ.
258 3142 377 3201 Vatinio.
415 3143 464 3197 Als
478 3143 659 3198 Volkstribun
671 3160 696 3197 a.
751 3147 938 3210 -ooqoosset,
950 3143 993 3195 ein
1010 3130 1328 3209 juridischorAnsdruck

119 3233 152 3284 59
172 3230 247 3284 hatte
257 3246 287 3284 er
296 3226 531 3299 beantragt,'dass
542 3232 601 3285 dem
613 3230 699 3285 Casar
752 3229 883 3307 „behnisn
899 3230 976 3283 einer
997 3230 1207 3299 Entscheidung
1235 3237 1329 3285 nuter-

120 3319 170 3372 das
189 3318 346 3385 diesseitige
366 3319 474 3374 Gallieu
493 3319 548 3373 und
560 3319 698 3389 Illyricum
754 3317 883 3372 sucheu“.

120 3406 170 3460 aui
186 3405 246 3459 funs
254 3407 338 3461 Jahre
351 3407 393 3461 als
405 3407 521 3461 Provinz
532 3409 699 3474 bbertragen
791 3408 816 3460 6.
832 3404 965 3471 fidelitate
984 3409 1064 3472 atque
1089 3405 1204 3458 auxiliis
1217 3406 1334 3472 pronia-

122 3496 231 3549 werden
262 3495 340 3549 solle.
391 3496 432 3549 Er
456 3512 512 3551 war
538 3498 612 3550 einer
652 3495 700 3549 dor
755 3494 811 3546 elac
829 3492 912 3547 illios.
937 3493 1007 3547 'Die
1034 3493 1174 3547 Versnche
1199 3492 1247 3547 des
1267 3492 1334 3546 Ver·

39 3563 46 3579 ’
121 3591 264 3637 trenesten
278 3582 332 3637 und
342 3590 543 3651 verwegensten
553 3583 702 3651 Auhinger
756 3581 920 3649 cingetorix,
935 3581 977 3635 die
992 3581 1155 3648 Allobroger
1168 3580 1335 3635 nudandere

122 3671 231 3738 Cdsars,
250 3670 299 3724 der
311 3671 382 3724 auoh
394 3671 430 3724 im
440 3672 642 3739 Bdrgerkriege
655 3669 705 3724 anf
756 3669 889 3736 gallische
906 3668 1025 3723 Stttmme
1043 3670 1070 3721 in
1085 3668 1134 3723 der
1146 3667 1263 3721 Prorinz
1276 3684 1336 3720 zum

122 3761 213 3813 seiner
232 3759 306 3812 Seite
324 3759 408 3813 iocht.
421 3789 455 3798 —
467 3759 498 3811 in
513 3759 640 3826 Turonis,
660 3774 702 3812 aur
757 3756 850 3810 Abfall
870 3773 922 3810 von
942 3756 993 3811 don
1006 3756 1126 3809 Romorn
1145 3773 1179 3808 an
1198 3756 1337 3823 bewegen,

124 3846 704 3915 UnterlanfdesLiger,cf.VII.4.6.—re·
761 3844 891 3912 schlugon
921 3844 992 3910 feni,
1029 3844 1084 3897 und
1112 3843 1187 3897 nicht
1215 3859 1267 3896 nur
1295 3843 1338 3918 die

122 3936 227 4002 cionem
237 3936 412 3989 coniunctam
423 3921 580 4000 Occaoo,cf.
591 3952 613 3989 c.
626 3937 704 3988 31.4.
760 3932 868 3986 Helvier
887 3932 985 3999 griffen
1013 3931 1062 3986 auf
1094 3932 1189 3998 eigeue
1209 3931 1339 3984 Faustzu

124 4024 199 4075 -ia
211 4023 384 4077 Lemovicum
395 4024 505 4091 dnobus,
518 4024 554 4078 cf.
566 4024 627 4078 VIL
641 4027 667 4081 4.
678 4026 704 4077 6.
759 4021 811 4074 den
839 4019 961 4087 Waffen,
999 4019 1118 4074 sondern
1155 4020 1199 4073 die
1223 4019 1339 4073 Prorinz

105 4153 109 4163 .
160 4115 184 4164 5.
203 4117 357 4177 conventos,
376 4112 437 4165 hier
455 4112 517 4180 ,die
529 4112 704 4167 Gericbtsbe·
759 4108 849 4169 stellio
868 4110 946 4163 auchv
958 4113 992 4160 22
1006 4107 1277 4173 Auxiliarlrohorten,
1296 4122 1341 4159 nm
1361 4106 1368 4121 '

124 4199 228 4265 zirke“‚
241 4200 269 4252 in
283 4200 370 4253 denen
380 4216 411 4253 er
426 4200 468 4253 als
483 4200 639 4254 Prokonsnl
653 4198 706 4252 Ge·
760 4195 1031 4263 dierordringsnden
1042 4194 1145 4249 Gallier
1155 4194 1340 4261 anfauhallen,

118 4287 277 4356 ¹richtstage
297 4287 372 4355 hielt¹
391 4286 497 4342 ccvii.
518 4292 543 4342 1.
566 4287 626 4340 lad
640 4302 705 4341 con·
761 4284 795 4339 os.
814 4284 875 4337 VII.
894 4288 935 4337 65.
956 4288 980 4337 l.

1212 4377 1239 4419 s*
