2934 4750
542 276 641 331 Comm.
661 275 721 329 vll.
742 278 855 331 77-80.
1051 235 1059 244 ·
1264 265 1305 325 75

90 417 293 504 currunthis
315 417 439 482 auxiliis
462 417 550 496 visis;
573 417 611 482 fit
626 417 798 500 gratulatio
821 418 905 483 iuter
920 423 1096 502 eosutquc
1112 417 1251 485 omnium

91 524 188 588 animi
218 523 261 588 ad
291 511 464 588 laetitiam
481 524 670 589 excitantur.
714 523 827 604 ltaque
858 524 1021 605 productis
1049 522 1147 604 copiis
1176 527 1287 588 antea

89 628 242 712 oppidum
264 628 432 695 considunt
454 633 487 694 et
509 629 683 710 proximam
699 627 818 693 lassam
834 629 977 694 cratibus
992 629 1140 710 integunt
1156 635 1252 710 atque

89 753 207 816 aggere
217 734 346 816 explent
357 752 453 816 seque
466 734 507 798 ad
518 734 716 816 eruptionem
729 740 824 814 atquc
834 751 941 799 omnes
952 751 1045 799 casus
1056 739 1250 816 comparant.

197 844 248 905 80.
287 838 403 904 Caesar
426 840 512 905 omni
535 841 675 904 exercitu
698 839 739 904 ad
762 843 1080 922 utramquepartem
1104 840 1285 904 munitio-1

88 963 164 1010 uum
188 945 351 1026 disposito,
376 950 421 1024 ut,
444 944 470 1009 si
494 962 569 1009 usus
591 945 706 1024 veniat,
730 962 824 1009 suum
846 946 979 1026 quisque
1005 944 1118 1010 locum
1137 950 1249 1009 teneat

88 1057 122 1116 ct
144 1051 277 1130 noverit,
310 1039 489 1131 equitatum
516 1051 698 1116 err-castris
727 1049 820 1116 educi
848 1056 882 1115 et
910 1050 1064 1132 proelium
1095 1050 1250 1115 committi

87 1157 186 1224 iubet.
233 1155 314 1220 Erat
336 1175 374 1222 ex
397 1156 541 1221 omnibus
565 1156 688 1234 castris,
711 1173 792 1237 quae
808 1174 965 1221 summum
981 1155 1119 1236 undiquc
1142 1157 1248 1236 iugum
1269 1169 1286 1219 a

88 1261 249 1341 tenebant,
274 1261 449 1344 despectus,
479 1257 586 1343 atque
603 1279 712 1327 omues
739 1261 857 1327 milites
883 1262 999 1327 intenti
1026 1279 1150 1342 pugnae
1170 1245 1249 1342 ¹'pro

88 1374 219 1432 ventum
242 1367 479 1449 exspectabant.
525 1366 609 1432 Galli
635 1368 718 1433 inter
740 1368 863 1450 equites
884 1385 977 1446 raros
1000 1368 1185 1448 sagittarios
1197 1385 1249 1430 ex·
1269 1382 1287 1432 3

87 1472 274 1555 peditesque
305 1473 384 1538 levis
407 1478 587 1538 armaturae
617 1474 854 1553 interiecerant,
884 1474 939 1554 qui
968 1473 1034 1539 suis
1066 1472 1250 1538 cedentibus

86 1578 203 1644 auxilio
226 1585 448 1644 succurrerent
471 1583 504 1644 et
526 1585 706 1644 nostrorum
730 1580 871 1660 equitum
894 1579 1030 1661 impetus
1047 1579 1248 1643 sustinerent.

88 1685 137 1748 Ab
161 1684 209 1749 his
234 1684 422 1766 complures·
437 1685 477 1748 de
504 1685 674 1766 improviso
706 1684 864 1749 vulnerati
896 1683 1015 1765 proelio
1046 1683 1248 1748 excedebant.

87 1787 167 1854 Cum
189 1807 264 1854 snos
287 1808 395 1870 pugna
416 1790 599 1871 superiores
622 1782 692 1856 esse
714 1789 806 1856 'Galli
834 1788 1030 1855 confiderent
1059 1795 1092 1854 et
1123 1792 1248 1853 nostros
1267 1804 1289 1872 4·

87 1893 290 1960 multitudine
320 1897 419 1977 premi
449 1895 605 1973 viderent,
637 1913 675 1961 ex
702 1895 848 1961 omnibus
881 1895 1024 1975 partibus
1057 1899 1090 1958 et
1124 1895 1155 1973 ii,
1195 1892 1255 1974 qui·
1300 1894 1304 1903 '

87 2001 313 2067 munitionibus
337 2001 591 2080 continebantur,
615 2005 649 2066 et
664 2000 705 2078 hi,
729 2002 783 2082 qui
800 2002 841 2066 ad
858 1999 1008 2066 auxilium
1025 2005 1246 2078 convenerant,
1286 2039 1291 2052 ·
1371 1989 1376 1996 ’

88 2105 227 2171 clamore
258 2112 293 2171 ct
324 2106 448 2171 ululatu
483 2124 610 2172 suorum
647 2107 769 2172 animos
803 2104 1045 2172 confirmabant.
1073 2104 1182 2182 Quod
1215 2104 1285 2170 int

86 2219 260 2293 conspectu
274 2213 413 2276 omnium
429 2230 479 2277 res
490 2213 666 2291 gerebatur
684 2230 789 2293 ,neque
813 2217 900 2276 recte
920 2230 957 2278 ac
979 2213 1117 2292 turpiter
1128 2209 1247 2276 lactum

86 2317 183 2384 celari
206 2323 341 2400 poterat,
366 2321 517 2399 utrosque
540 2324 582 2409 et·
596 2318 700 2384 laudis
722 2317 878 2399 cupiditas
902 2322 934 2382 et
949 2318 1044 2383 timor
1059 2317 1248 2400 ignominiae

85 2424 128 2489 ad
149 2424 300 2489 virtutem
324 2423 491 2514 excitabat.
536 2421 614 2488 Cum
639 2443 659 2488 a
682 2424 814 2490 meridie
837 2442 936 2505 prope
952 2424 992 2488 ad
1009 2424 1085 2489 solis
1101 2442 1246 2489 occasum
1266 2427 1284 2478 6
1384 2457 1388 2464 -

85 2529 182 2595 dubia
204 2530 336 2595 victoria
359 2535 564 2619 pugnaretur,
588 2528 738 2595 Germani
761 2549 825 2595 una
847 2532 879 2594 iu
902 2535 993 2611 parta
1009 2529 1157 2595 confertis
1180 2535 1245 2594 tur·

84 2636 145 2699 mis
168 2635 200 2698 in
222 2634 330 2700 hostes
352 2619 504 2716 impetum
526 2625 667 2701 fecerunt
691 2654 808 2716 eosque
831 2634 1057 2717 propulerunt;
1080 2636 1194 2716 quibus
1215 2635 1247 2698 in
1267 2640 1282 2689 7

83 2739 192 2822 lugam
215 2740 366 2805 coniectis
388 2741 547 2821 sagittarii
565 2742 776 2806 circumventi
799 2740 1021 2822 interfectique
1044 2746 1128 2806 sunt.
1163 2740 1245 2803 ltem
1264 2745 1283 2795 8
1324 2726 1328 2735 ’

83 2865 123 2911 ex
144 2845 274 2927 reliquis
296 2847 440 2927 partibus
463 2847 565 2911 nostri
593 2846 744 2911 cedentes
773 2864 872 2926 usque
903 2846 944 2910 ad
974 2852 1081 2911 castra
1110 2844 1246 2909 insecuti

83 2952 137 3016 sui·
157 2950 324 3033 colligendi
347 2950 531 3015 facultatem
554 2969 616 3017 non
640 2951 806 3018 dederuut.
852 2956 895 3015 At
924 2949 955 3029 ii,
986 2950 1040 3031 qui
1068 2949 1108 3013 ab
1139 2948 1281 3013 Alesiai

80 3044 314 3139 processerant,
345 3059 456 3122 maesti
484 3075 582 3138 propc
610 3056 744 3122 victoria
771 3057 939 3138 desperata
969 3072 1003 3119 se
1030 3055 1063 3118 iu
1095 3055 1246 3137 oppidum

81 3165 280 3243 receperunt.

119 3375 146 3424 4.
160 3369 318 3437 proximam
335 3369 448 3435 fossam,
469 3370 517 3425 der
529 3370 578 3425 der
586 3371 666 3425 Stadt
754 3373 778 3423 2.
800 3386 943 3423 sumniam·
961 3368 1080 3437 undique
1108 3368 1215 3435 lupum,
1245 3367 1298 3445 den

80 3456 345 3524 zuutchstliegeude
356 3460 476 3527 zwanzig
489 3459 556 3512 Fusa
575 3460 666 3513 breite
717 3474 824 3527 gaunon
843 3459 995 3525 Hdhenzug
1022 3459 1156 3525 maguum,
1184 3471 1214 3509 so
1234 3457 1300 3511 weit

82 3544 202 3612 Grabau,
220 3544 255 3599 cl.
272 3559 296 3602 c.
316 3547 358 3599 72.
377 3550 400 3598 1.
717 3547 765 3600 ibn
779 3546 807 3599 (l.
827 3547 855 3601 in
874 3547 918 3600 diu
931 3544 1225 3611 Verschanzungslinie
1243 3545 1298 3598 ein·

58 3658 91 3695 s
120 3632 168 3686 80.
206 3638 230 3687 1.
249 3632 444 3700 adutramquc
456 3634 665 3700 pertemptant·
718 3634 896 3701 geschlosseu
915 3634 1006 3702 hatte,
1034 3635 1069 3687 cl.
1092 3636 1134 3689 69.
1154 3637 1179 3688 7.
1224 3619 1298 3686 siber

82 3721 199 3785 tionum,
209 3720 313 3774 sowobl
324 3737 359 3775 au
369 3719 417 3774 der
425 3721 538 3776 inneren
549 3722 664 3776 Contra·
719 3722 763 3777 die
782 3722 943 3790 Bedeutung
962 3739 1012 3776 von
1026 3723 1117 3788 iugum
1130 3720 1164 3777 cl.
1179 3736 1201 3775 c.
1215 3722 1258 3777 36,
1271 3725 1297 3774 2.

81 3808 293 3863 vadationsliuie
323 3808 365 3863 als
396 3825 431 3861 au
463 3808 511 3863 der
538 3809 664 3863 tuiserou
717 3840 752 3849 -
769 3810 877 3877 intecti,
896 3810 1012 3865 absolut.
1080 3836 1081 3841 κ

82 3895 494 3954 circumvallationalinie.-ai
505 3913 573 3949 usus
589 3898 663 3951 acm'-
752 3903 776 3952 3.
795 3898 952 3966 complures,
971 3892 1028 3952 scil.
1048 3898 1154 3965 equites
1172 3896 1298 3951 Romani.

82 3989 126 4049 at,
150 3983 197 4036 fur
223 3984 273 4037 dus
303 3984 522 4052 gewbhnlichcrc
548 3986 572 4037 ai
596 4000 663 4039 usur
753 3988 776 4040 6.
791 3985 932 4051 Garatoni,
946 3985 981 4040 cf.
995 4002 1016 4039 c.
1030 3989 1071 4042 67.
1085 3991 1110 4040 5.
1121 4014 1154 4023 -
1167 3986 1298 4059 consertio

82 4072 131 4137 sit,
160 4070 195 4125 cf.
223 4070 270 4125 Vl.
298 4076 336 4125 15.
366 4077 394 4135 13
422 4074 457 4125 im
483 4073 562 4127 Falla
587 4075 663 4128 eines
716 4073 1297 4141 torneiamgerchlossenenGeschwadern.

82 4158 206 4226 Angriffs
225 4158 317 4212 wurda
335 4174 365 4213 es
385 4160 472 4227 nbtig.
487 4172 517 4199 ³-
532 4166 621 4213 tcueat
639 4168 664 4215 et
752 4165 777 4215 Β.
797 4177 883 4229 usquc
901 4160 939 4214 ccl
956 4166 1058 4226 castra,
1077 4161 1127 4215 auf
1137 4162 1198 4215 dem
1209 4162 1298 4230 Berge

81 4247 195 4312 norem,
215 4247 283 4301 uber
303 4247 346 4301 die
359 4246 473 4301 Consec.
491 4256 574 4316 temp.
592 4250 661 4302 nach
715 4250 959 4318 Massyla-Fossa,
972 4248 1006 4302 cf.
1019 4265 1042 4306 c.
1056 4252 1097 4304 79.
1110 4256 1135 4316 2,
1149 4265 1183 4303 au
1199 4250 1297 4305 desuem

81 4334 143 4388 dem
163 4335 264 4389 Partic.
282 4334 352 4403 parf.
369 4350 443 4402 pass.
462 4334 496 4389 cl.
515 4351 538 4389 c.
557 4339 599 4389 40.
619 4339 644 4393 4.
715 4337 784 4390 Fuls
803 4336 852 4392 das
872 4337 1069 4391 Reitertreffen
1088 4346 1158 4392 statt
1175 4338 1249 4394 laud.
