2934 4750
137 163 179 221 38
469 228 476 240 .
611 170 651 225 De
670 170 744 226 hello
764 170 878 225 Gallico.

135 395 143 409 ,
196 313 357 379 civitatem
386 319 504 378 temere
533 312 576 376 ad
611 312 843 400 suscipiendum
874 311 991 375 bellum
1020 312 1134 377 adduci
1167 327 1260 391 posse
1296 328 1357 374 uon

156 417 427 483 rconfidebant«
450 416 583 496 Placuit,
608 423 644 481 ιιι
670 417 850 481 Litaviccus
879 416 985 481 decern
1015 416 1077 481 illis
1108 416 1244 493 milibus,
1276 433 1357 496 quae

195 522 327 588 Caesari
349 523 388 590 ad
412 522 529 588 bellum
552 515 768 605 mitterentur,
791 521 1016 603 praeficeretur
1041 529 1136 603 atque
1152 541 1193 586 ca
1212 522 1358 585 ducenda
1458 551 1459 586 3

139 659 141 663 .
195 635 332 708 curaret,
355 628 536 710 fratresque
559 629 627 694 eius
651 629 692 693 ad
720 627 892 693 Caesarem
921 634 1175 710 praecurrerent.
1222 627 1358 708 Reliqua

195 753 260 816 qua
282 737 405 802 ratione
428 736 480 815 agi
502 734 638 814 placeat,
663 736 867 800 constituunt.
914 743 917 748 '

157 854 171 901 1
302 845 353 908 38.
391 841 572 905 Litauiccus
596 847 726 922 accepto
750 841 897 918 exercitu,
923 859 991 904 cum
1015 839 1101 902 milia
1124 857 1276 921 passuum
1300 839 1357 902 cir-

190 947 276 1010 citer
299 965 362 1011 xxx
385 964 406 1010 a
427 945 585 1025 Gergovia
609 947 746 1024 abesset,
771 939 950 1010 convocatis
974 945 1080 1009 subita
1097 943 1249 1008 militibus
1266 942 1358 1008 lacri-

156 1062 172 1112 2
197 1069 296 1130 mans,
322 1051 391 1131 Quo
411 1051 658 1130 proficiscimur,
682 1051 794 1131 inquit,
819 1050 964 1115 auilites?
1012 1048 1125 1141 Omuio
1147 1053 1255 1113 uoster
1272 1049 1358 1130 equ-i-

196 1162 292 1232 tatus,
316 1156 420 1220 amuis
441 1155 595 1220 uohititos
617 1156 760 1234 interiit·
778 1156 947 1236 principes
966 1155 1124 1232 ,ciuitatis
1153 1153 1359 1234 Eporedorix

116 1306 119 1312 -
196 1265 226 1326 et
261 1261 494 1338 Viridomarus,
522 1261 707 1326 insimulati
733 1261 942 1342 proditionis,
975 1261 1015 1324 ah
1046 1259 1203 1325 Romuue‘s
1235 1259 1359 1322 iudicta

156 1378 298 1431 acausa
318 1366 480 1456 interfecti
502 1370 586 1432 suut.
633 1367 724 1432 Haec
755 1367 794 1430 ad
821 1367 873 1430 lois
907 1367 1090 1449 copuosoite,
1121 1365 1176 1447 qui
1210 1385 1250 1430 eu
1284 1365 1358 1444 ipsa

194 1471 290 1536 'caede
321 1472 493 1552 supereum·
514 1492 590 1541 uam
606 1492 662 1555 epo
682 1471 844 1552 fratribus
860 1477 954 1551 atque
970 1468 1116 1535 omuibus
1131 1470 1209 1535 meis
1220 1471 1358 1550 propiu-

197 1578 269 1660 quis
292 1577 468 1659 iuterfectia·
491 1577 597 1642 dotare
615 1577 797 1657 prohibeor,
822 1598 902 1659 quae
916 1583 1006 1659 qesta
1030 1581 1113 1654 suut,
1132 1577 1358 1656 pronuntiare.

156 1693 173 1741 4
197 1684 421 1749 Producuntur
452 1682 494 1761 hi,
527 1701 605 1763 quos
633 1682 686 1747 ille
713 1685 894 1761 edocuerat,
922 1700 1003 1762 quae
1035 1682 1097 1746 dici
1124 1681 1228 1759 vellet,
1262 1687 1359 1761 atque

197 1788 316 1867 eadem,
339 1805 419 1868 quae
447 1788 626 1852 Litaviccus
654 1788 924 1868 pronuntiaverat,
955 1785 1149 1851 multitudini
1182 1791 1358 1867 exponunt:
1458 1817 1459 1844 ι

156 1895 318 1974 nequitus
352 1892 559 1958 Haeduorum
591 1891 784 1972 interlectos,
817 1893 902 1973 quod
931 1892 1079 1958 collocuti
1107 1909 1178 1956 cum
1206 1891 1359 1954 Arvernis

197 1999 393 2076 dicerentur3
416 1999 503 2079 ipsos
519 2017 554 2062 sc
569 1999 653 2063 iuter
669 1997 900 2062 multitudinem
918 1997 1053 2061 militum
1069 1997 1246 2080 occultasse
1262 2004 1359 2077 atque

101 2163 104 2170 .
157 2113 234 2168 tex
265 2104 369 2168 media
398 2103 496 2168 caede
531 2104 657 2185 t'ugissc.
703 2102 909 2168 Conclamant
939 2102 1065 2167 Haedui
1101 2107 1133 2166 et
1163 2101 1356 2166 Litaviccum

158 2219 173 2268 7
197 2209 376 2289 obsecrant,
401 2215 436 2273 ut
459 2209 519 2273 sibi
542 2210 695 2275 consulat.
744 2209 847 2288 Quasi
861 2229 942 2286 aero,
967 2209 1069 2289 inquit
1085 2207 1145 2285 ille,
1170 2207 1300 2272 comitii
1315 2209 1358 2272 sit
1458 2193 1459 2204 ἢ

196 2335 256 2393 res,
280 2334 318 2379 ac
340 2335 403 2379 uou
434 2332 558 2379 ueoease
585 2316 628 2380 sit
655 2315 746 2381 uobis
785 2313 977 2398 Gerpooiam
1009 2314 1195 2380 couteudere
1226 2320 1256 2377 et
1288 2334 1357 2379 cum

157 2431 174 2481 8
196 2419 356 2484 Aroeruis
370 2424 493 2483 uosmet
507 2422 706 2501 couiuupere.
741 2402 1015 2496 'Au-dubitamus,
1040 2421 1118 2502 quiu
1134 2419 1260 2499 uefario
1274 2421 1358 2501 faci·
1458 2414 1459 2417 ’

157 2542 161 2549 ’
196 2546 274 2591 uore
297 2523 437 2589 admisso
460 2524 601 2590 Romam'
623 2527 690 2589 iam
718 2524 762 2590 ad
787 2545 846 2589 uos
875 2525 1110 2606 interficiendos
1142 2526 1360 2590 concurrout?

196 2630 347 2708 Proiude,
363 2628 536 2722 siquidm
551 2631 642 2695 uobis
658 2632 762 2695 auimi
777 2635 830 2709 est,
842 2651 1077 2713 persequamur
1093 2652 1200 2715 eorum
1216 2637 1358 2707 mortem,

164 2778 168 2788 =
197 2738 252 2819 qui
274 2736 500 2817 iudipuissime
522 2737 724 2815 iuterieruut,
749 2743 843 2819 atque
865 2737 922 2801 hoo
945 2737 1086 2801 iatroues
1116 2736 1358 2815 interficiamus.

83 2927 88 2932 Ι
157 2854 174 2905 9
197 2841 345 2907 Ostendit
369 2844 453 2907 cives
483 2842 649 2922 Romanos,
679 2844 733 2923 qui
761 2844 829 2908 aius
857 2842 1007 2924 praesidii
1030 2840 1143 2906 fiducia
1168 2860 1231 2905 una
1254 2852 1358 2908 eraut.

175 3089 201 3140 7.
219 3085 342 3152 Placuit,
361 3073 392 3137 ut
404 3127 410 3139 .
424 3129 431 3142 .
444 3127 451 3140 .
466 3087 673 3160 praeficeretur,
686 3085 721 3141 of.
776 3086 939 3161 anhalthare
950 3086 1135 3153 Behauptung
1153 3085 1197 3139 cin
1210 3085 1265 3139 und
1279 3085 1359 3140 dient

139 3173 264 3241 dagegeu
279 3190 303 3227 c.
317 3176 360 3227 29.
373 3176 390 3225 4
403 3173 456 3227 sibi
468 3190 616 3241 numquam
629 3175 721 3242 placu·
776 3176 856 3227 uomit
875 3191 923 3227 zur
942 3174 1142 3241 Berichtigung
1160 3172 1227 3227 oder
1247 3172 1359 3226 Wider·

139 3262 197 3316 isse
211 3262 359 3319 Avaricum
372 3260 490 3318 delendi.
510 3290 543 3299 -·
562 3262 649 3315 decem
667 3262 722 3315 iltis
776 3262 891 3330 legung;
912 3278 976 3317 vero
994 3262 1043 3315 hat
1061 3260 1358 3327 versicherudeKraft,

139 3348 258 3415 malchus,
278 3348 312 3403 cf.
331 3365 355 3401 c.
375 3352 418 3403 34.
440 3353 463 3403 l.
777 3343 950 3417 „das'lrlingt
969 3348 1071 3417 gerade
1094 3364 1138 3414 so,
1166 3348 1208 3402 als
1229 3350 1263 3403 ab
1282 3349 1359 3403 allen

164 3436 219 3491 38.
255 3440 281 3490 2.
299 3435 407 3490 iudicta
424 3451 511 3489 causa
527 3454 629 3491 =non
648 3439 721 3493 dicta
775 3437 917 3491 Ernstes“.
944 3466 976 3477 -
1000 3436 1107 3489 comitii
1130 3437 1168 3489 ait
1191 3450 1247 3501 res,
1273 3436 1309 3490 ci.
1334 3454 1358 3491 c.

136 3539 231 3589 causa,
250 3524 322 3578 ohne
341 3524 400 3578 duis
419 3525 473 3578 ihm
487 3525 536 3579 der
550 3526 661 3581 Prozela
673 3539 737 3595 ge-‘
774 3529 816 3579 45.
837 3528 853 3578 9
866 3526 1017 3579 occasionis
1031 3540 1092 3579 esse
1105 3540 1171 3591 rem,
1190 3540 1243 3578 non
1255 3526 1359 3592 proelii

139 3600 231 3666 machi
249 3613 295 3681 ist,
314 3614 384 3667 ohne
402 3614 517 3667 Verhdr.
775 3613 807 3671 V.
826 3615 868 3667 49.
889 3617 904 3668 6
924 3614 993 3667 Erat
1011 3614 1102 3681 magni
1121 3613 1237 3681 periculi
1255 3630 1310 3669 res.
1324 3646 1357 3654 -
1405 3624 1411 3635 ¹

175 3706 199 3755 3.
218 3716 252 3755 ea
270 3702 334 3767 ipsa
352 3700 446 3768 caede,
474 3702 651 3756 unmittelbar
669 3718 720 3757 aus
774 3716 807 3753 ac
824 3716 880 3753 uou
894 3701 965 3769 „und
978 3702 1056 3755 nicht
1068 3701 1225 3767 rielmehr“,
1238 3701 1272 3756 ci.
1285 3703 1318 3758 E.
1330 3704 1358 3757 S.

139 3789 200 3842 dem
219 3787 365 3855 Blutbade,
383 3789 411 3842 in
429 3789 721 3857 gleicherBedeutung
775 3792 826 3843 313
845 3791 924 3843 Anm.
945 3792 968 3843 4.
990 3788 1016 3841 S.
1038 3790 1081 3843 W.
1102 3792 1161 3843 153.
1175 3786 1196 3843 '3
1211 3790 1275 3847 Zus.
1297 3795 1320 3844 l.

139 3875 156 3945 ξ
175 3880 191 3929 5
210 3892 245 3929 ex
264 3876 352 3930 media
371 3876 462 3931 caede.
485 3886 487 3889 ⁴
811 3880 836 3931 8.
854 3878 901 3930 Au
919 3876 1091 3943 dubitamus,
1115 3878 1182 3931 liber
1205 3894 1241 3931 an
1259 3880 1287 3931 in
1309 3878 1358 3933 der

174 3967 200 4017 6.
218 3969 250 4017 ut
273 3964 327 4017 sibi
351 3964 488 4031 couautat,
521 3966 581 4019 dass
607 3981 637 4019 er
662 3966 720 4019 sich
774 3967 1049 4033 argumentiereuden
1062 3967 1152 4034 Frage
1171 3966 1206 4022 cf.
1219 3966 1253 4021 Ε.
1266 3966 1293 4024 S.
1305 3971 1357 4022 283

138 4051 214 4106 ihrer
237 4041 387 4121 annehme,
415 4052 450 4107 cf.
474 4070 498 4110 c.
516 4056 543 4108 8.
566 4056 583 4105 4
606 4061 637 4106 ut
662 4056 720 4107 suis
775 4053 801 4108 S.
821 4056 865 4109 W.
887 4057 936 4108 166
957 4056 986 4109 B.
1006 4056 1069 4108 Zur.
1089 4058 1112 4108 3.

137 4140 258 4194 fortunis
278 4142 412 4195 consulat.
766 4172 768 4175 -
810 4144 834 4197 9.
853 4142 923 4195 ciues
941 4141 1092 4207 Romauos,
1112 4143 1251 4197 romische
1269 4142 1357 4197 Kaul-

99 4238 106 4252 ³
175 4230 199 4281 7.
218 4226 305 4292 Quasi
328 4244 390 4281 aero
412 4226 489 4282 fllhrt
513 4229 575 4282 eine
600 4244 635 4282 au
660 4230 719 4283 sich
773 4230 864 4295 lente,
900 4230 999 4285 welche
1028 4230 1133 4284 Zufuhr
1167 4248 1230 4285 zum
1266 4206 1357 4287 Heer⁸e
