2934 4750
535 209 636 266 Corum.
655 209 700 262 Vl.
726 211 838 286 39-42.
1239 199 1278 257 85
1365 248 1367 253 .

53 352 273 419 demiserunt.
320 350 544 432 Centuriones,
568 370 702 434 quornm
724 351 867 416 nonnulli
891 370 929 416 ex
951 351 1151 418 inferioribus
1176 370 1226 416 or·
1247 365 1262 414 n

54 458 193 524 dinibus
216 457 411 539 reliquarum
427 457 588 540 legionum
611 459 737 523 virtutis
761 475 856 521 causa
879 457 910 522 in
932 458 1111 541 superiores
1134 466 1228 524 erant

55 563 195 629 ordines
218 563 313 629 huius
336 563 468 645 legionis
497 563 650 642 traducti,
679 582 718 628 ne
749 568 822 628 ante
854 569 979 644 partam
1008 565 1054 630 rei
1082 564 1228 630 militaris

53 671 195 735 laudem
219 670 413 750 amitterent,
438 669 609 736 fortissime
632 675 812 752 pugnantes
829 669 1041 738 conciderunt.
1091 670 1226 736 Militum
1246 681 1263 730 a

56 795 143 858 pars
167 776 276 841 horum
300 777 419 841 virtute
442 777 595 842 submotis
618 775 761 842 hostibus
789 781 917 858 praeter
947 794 1035 857 spem
1063 776 1228 842 incolumis

58 882 96 946 in
123 888 234 948 castra
254 883 408 964 pervenit,
433 901 508 964 pars
532 903 551 974 a
574 883 721 948 barbaris
745 882 956 948 circumventa
979 883 1083 964 periit.

157 994 210 1056 41.
269 988 420 1054 Germani
453 989 625 1070 desperata
655 989 888 1071 expugnatione
919 995 1111 1068 castrorum,
1145 990 1261 1070 quod1

56 1098 193 1160 nostros
208 1095 271 1159 iam
287 1096 466 1160 constitisse
482 1097 515 1160 in
531 1095 759 1160 munitionibus
776 1095 935 1174 videbant,
954 1113 1023 1160 cum
1039 1114 1076 1160 ea
1092 1097 1224 1177 praeda,

60 1218 163 1280 quam
188 1201 220 1264 in
236 1201 323 1265 silvis
340 1201 561 1283 deposuerant,
585 1206 673 1266 trans
691 1200 834 1266 Rhenum
857 1219 927 1266 sese
943 1208 1141 1284 receperunt.
1185 1205 1227 1268 hc
1247 1215 1264 1263 2

61 1311 178 1371 tantus
202 1305 262 1371 init
286 1308 381 1372 etiam
404 1315 475 1390 post
498 1308 669 1373 discessum
693 1306 833 1373 hostium
857 1298 972 1387 terror,
1006 1313 1041 1373 ut
1065 1315 1227 1389 cannete,

65 1431 140 1476 cum
171 1411 204 1480 Ο.
237 1413 415 1478 Volusenus
450 1415 565 1478 missus
596 1433 666 1480 cum
697 1415 841 1494 equitatu
874 1414 915 1478 ad
945 1420 1051 1480 castra
1081 1417 1229 1494 venisset,

65 1517 163 1584 fidem
202 1537 263 1584 non
298 1519 417 1585 laceret
451 1521 562 1586 adesse
594 1538 664 1586 cum
694 1521 844 1585 incolumi
874 1518 1044 1586 Gaesarem
1077 1523 1228 1588 exercitu.

65 1624 121 1690 Sic
144 1627 284 1690 omnium
308 1629 429 1692 animos
453 1629 547 1693 timor
574 1633 877 1709 praeoccupaverat,
909 1631 944 1691 ut
967 1646 1068 1710 paene
1091 1627 1230 1695 alienata
1249 1635 1265 1688 3

67 1736 177 1796 mente
200 1732 313 1797 deletis
336 1734 479 1799 omnibus
495 1735 592 1817 copiis
616 1735 792 1815 equitatum
815 1737 940 1799 tantum
964 1752 997 1798 se
1021 1753 1057 1798 ex
1081 1732 1156 1816 iuga
1180 1753 1229 1799 re·

67 1837 191 1917 cepisse
214 1837 356 1904 dicerent
379 1859 480 1922 neque
503 1838 651 1905 incolumi
667 1841 806 1905 exercitu
820 1838 993 1904 Germanos
1011 1844 1118 1904 castra
1134 1858 1230 1922 oppu-

67 1948 224 2023 gnaturos
239 1943 336 2009 luisse
353 1947 588 2012 contenderent.
628 1945 729 2024 Quem
754 1946 896 2010 timorem
914 1943 1059 2010 Caesaris
1076 1946 1230 2010 adventus
1249 1955 1266 2004 4

71 2047 212 2116 sustulit.

162 2161 213 2224 42.
259 2157 416 2223 Reversus
439 2159 493 2224 ille
510 2165 640 2224 eventus
664 2159 737 2224 belli
761 2177 824 2224 non
839 2159 989 2241 ignorans
1013 2176 1119 2237 unum,
1144 2157 1260 2238 quod1

69 2261 216 2328 cohortes
239 2282 277 2328 er
304 2265 443 2330 statione
474 2270 506 2330 et
534 2265 693 2348 praesidio
723 2269 831 2330 essent
855 2265 1004 2344 emissae,
1034 2269 1163 2347 questus
1190 2301 1228 2312 —-
1310 2259 1316 2280 ¹

70 2387 111 2433 ne
140 2369 269 2435 minimo
298 2371 424 2453 quidem
457 2392 533 2437 casn
563 2372 668 2438 locum
695 2370 832 2452 relinqui
863 2370 1009 2437 debuisse
1046 2409 1073 2417 -
1097 2370 1230 2437 multum

27 2492 30 2500 ·
71 2473 229 2540 fortunam
245 2478 278 2541 in
295 2479 457 2559 repentino
474 2479 612 2544 hostium
628 2479 767 2545 adventu
782 2478 923 2560 potuisse
946 2478 1106 2573 indicavit,
1130 2477 1229 2542 multo
1249 2487 1265 2537 2

69 2684 170 2752 gehdrt
192 2687 296 2740 sowohl
319 2706 352 2741 zu
372 2689 494 2757 recipere
518 2691 559 2745 als
578 2693 649 2745 auch

70 2791 103 2827 zu
122 2774 299 2833 demiserunt.

106 2867 131 2920 7.
161 2879 195 2917 ca
220 2863 402 2938 inferioribus
429 2867 580 2935 ordinibus,
611 2869 650 2923 sie

69 2968 164 3005 waren
193 2968 226 3005 zu
260 2952 442 3009 Centurionen
479 2957 527 3010 der
557 2965 649 3011 ersten

70 3040 196 3094 Kohorte
229 3040 257 3093 in
285 3041 334 3095 dor
360 3058 413 3097 neu
439 3045 649 3113 ausgehobenen

71 3130 174 3195 hagion
188 3128 329 3185 beidrdert
342 3132 461 3202 worden,
480 3134 513 3187 cf.
528 3134 559 3186 V.
570 3137 613 3189 28.
624 3138 649 3188 3.

107 3222 132 3271 8.
146 3233 217 3284 pars
235 3261 266 3276 .,
290 3220 410 3289 perid,
435 3221 504 3276 nach
530 3238 554 3275 c.
573 3225 646 3275 441

72 3308 170 3374 betrng
189 3306 237 3360 der
255 3307 366 3362 Verlnst
383 3310 450 3363 zuei
468 3309 620 3367 Kohorten,

107 3415 153 3467 41.
193 3417 215 3469 1.
228 3419 343 3480 nostros,
364 3415 408 3469 die
422 3416 592 3483 Verteidiger
603 3417 650 3471 dos

17 3498 26 3509 '
75 3502 184 3567 bagers.

108 3594 132 3643 2.
154 3589 183 3645 G.
209 3590 363 3657 Volusiano,
383 3592 576 3661 Kriegstribnn
594 3592 650 3647 und

74 3678 370 3749 Reiterbeiehlshaber,
393 3680 427 3735 ci.
445 3681 496 3735 Ill.
516 3685 539 3735 5,
559 3686 575 3735 2
603 3682 648 3735 lV.

74 3773 212 3823 21.1.-
235 3768 315 3833 poem
341 3786 398 3821 non
426 3769 528 3836 faceret
556 3770 650 3838 „nicht

77 3857 195 3912 Glanben
224 3857 379 3925 erweclren‚
422 3858 498 3913 nicht
525 3858 649 3913 Glanben

77 3943 186 3999 finden“.
225 3975 256 3983 —
297 3944 447 4012 Gaesarem,
485 3946 569 4000 durch
608 3947 650 4001 dic

76 4033 197 4102 Stellung
216 4025 365 4089 bosonders
384 4033 614 4101 hervorgehoben.

108 4126 133 4179 3.
147 4138 235 4190 poene
245 4122 367 4175 alienata
376 4126 468 4186 mente,
481 4137 515 4173 zu
527 4120 651 4175 dicerent

703 2689 769 2757 citu,
780 2690 832 2743 abl.
843 2688 1062 2754 absol.‚welcher
1073 2686 1283 2756 einen-irrealcn

703 2777 942 2845 Bedingnngssalz
959 2778 1077 2831 vertritt.

739 2883 785 2937 42.
825 2887 849 2937 1.
867 2888 977 2936 enectus
990 2882 1053 2935 belli
1067 2881 1128 2951 „die
1142 2881 1282 2936 Wechsel-

703 2971 769 3027 falle
793 2972 840 3025 des
864 2971 1006 3039 Kricges“.
1035 3000 1068 3009 —
1095 2986 1128 3023 eor
1166 2970 1283 3023 statione

702 3065 727 3113 ct
743 3058 897 3127 praesidio,
916 3074 967 3112 aus
986 3058 1045 3113 dem
1064 3058 1152 3113 iesten
1174 3058 1283 3125 Postea,

703 3148 764 3202 eine
777 3147 941 3216 Hendiadys.
954 3176 987 3186 -
1004 3163 1036 3199 oc
1051 3147 1162 3199 minimo
1176 3144 1283 3213 quidem

703 3250 769 3289 casu
794 3236 837 3305 (=
862 3237 950 3303 casui)
974 3235 1064 3289 locum
1089 3234 1207 3301 relinqui
1238 3234 1283 3288 de·
1352 3263 1355 3277 ‚

703 3325 812 3391 bnisso,
839 3324 881 3379 die
901 3324 1081 3392 Mdglichkeit
1109 3323 1185 3376 eines
1211 3323 1282 3376 auch

703 3413 774 3466 noch
793 3429 824 3467 so
842 3414 974 3479 geringen
987 3410 1113 3466 Unialles
1133 3411 1211 3465 hatte
1224 3426 1282 3465 ver-

703 3501 810 3555 mieden
836 3500 944 3557 werden
976 3506 1092 3553 milssen.
1135 3498 1163 3553 O.
1195 3498 1283 3554 tadelt

704 3589 836 3643 demnach
857 3588 908 3642 den
923 3588 1017 3642 Cicero
1031 3588 1107 3641 nicht
1126 3602 1220 3655 uegen
1234 3588 1282 3641 des

704 3678 846 3731 Verlnstes
857 3677 904 3730 der
914 3677 978 3732 anei
990 3675 1141 3741 Kohorten,
1161 3675 1282 3729 walchen

704 3782 734 3821 er
753 3766 839 3819 durch
858 3765 903 3819 die
922 3765 1016 3818 Macht
1036 3764 1083 3819 des
1098 3763 1203 3817 Zufalls
1224 3770 1282 3818 ent-

704 3854 850 3921 scbuldigt,
871 3852 990 3907 sondern
1003 3852 1064 3907 weil
1084 3868 1114 3905 er
1132 3868 1216 3920 gagen
1229 3851 1282 3904 den

704 3940 801 3995 Beiehl
825 3942 873 3995 des
892 3939 1105 3994 Oberfeldherrn
1132 3938 1282 4007 gehandelt

704 4030 788 4097 hatte,
798 4029 832 4083 ci.
843 4046 864 4083 c.
876 4032 918 4084 36.
931 4034 953 4082 l.
970 4058 1003 4066 —
1015 4028 1129 4081 ocultum
1141 4030 1283 4094 fortunam

704 4160 730 4174 ..
751 4160 757 4173 .
773 4118 904 4186 potuisse,
924 4117 958 4171 ci.
972 4134 995 4173 c.
1014 4120 1083 4173 30.2
1097 4117 1209 4170 multum
1222 4131 1282 4169 cum

73 4229 106 4265 zu
122 4212 227 4265 ziehen.
248 4239 279 4248 -
299 4226 332 4263 ecc
349 4209 426 4277 scapo,
444 4210 519 4263 nicht
532 4209 649 4277 aeitlich,
703 4208 730 4260 in
750 4207 874 4261 omnibns
895 4207 976 4259 rebus
995 4212 1052 4259 tum
1071 4206 1098 4259 in
1117 4221 1148 4259 re
1171 4204 1282 4259 militari

75 4299 188 4354 sondern
208 4296 351 4352 rinmlich.
372 4325 402 4335 -
423 4296 552 4349 incolumi
574 4311 648 4350 exer·
702 4302 793 4366 potest
810 4294 930 4351 fortuna.
