2934 4750
551 233 653 288 Comm.
672 234 718 288 Vl.
738 235 851 288 32-34.
1265 221 1306 280 79

91 397 157 442 nou
181 377 342 461 oppidum,
371 394 433 442 uon
458 377 667 457 praesidium,
691 375 776 457 quod
800 394 834 441 se
857 377 953 441 armis
977 373 1173 454 defenderet,
1197 373 1254 440 sed

89 485 126 548 in
156 483 257 548 omnis
286 483 388 564 partis
417 483 562 563 dispersa
594 481 773 548 multitudo.
802 505 810 538 ι
835 481 898 547 ilbi
926 483 1038 563 cuique
1069 487 1125 546 aut
1154 479 1289 544 vallese

88 589 203 654 abdita
225 595 283 653 eut
309 587 397 654 locus
425 587 581 653 silvestris
607 593 665 652 eut
691 587 781 668 palus
809 584 961 668 impedita
990 604 1078 667 spem
1102 586 1254 668 praesidii

90 702 150 760 aut
174 694 286 759 salutis
310 694 449 775 aliquam
471 692 634 771 offerebat,
659 694 857 758 consederat.
905 693 992 758 Haec
1013 692 1084 756 loca
1108 691 1253 756 vicinite-
1272 703 1288 752 3

90 800 179 866 tibus
202 807 294 865 erant
316 805 404 878 nota,
434 817 646 882 magnamque
676 817 727 864 res
758 799 953 880 diligentiam
982 797 1163 880 requirebat
1192 815 1254 862 non

89 908 126 972 in
149 924 272 972 summa
295 906 450 971 exercitus
478 905 662 970 tuende-
685 904 806 970 nullum
836 905 918 970 euim
947 908 1073 986 poterat
1100 903 1254 968 universis

90 1032 114 1078 a
136 1011 314 1093 perterritis
338 1029 375 1076 ac
396 1011 547 1093 dispersis
562 999 737 1093 periculum
762 1011 904 1076 accidere
924 1047 971 1090 -‚
997 1009 1052 1074 sed
1075 1012 1106 1073 in
1122 1008 1253 1091 siugulis

92 1117 245 1182 militibus
273 1115 510 1198 conservandis3
538 1134 620 1198 quae
647 1121 754 1180 tamen
784 1135 822 1181 ex
849 1121 941 1197 parte
970 1133 1021 1178 res
1050 1115 1091 1178 ad
1119 1113 1254 1178 salutem

89 1222 252 1288 exercitus
273 1220 464 1301 pertinebat.
510 1218 591 1284 Nem
613 1226 648 1286 et
663 1221 802 1301 praedae
823 1220 980 1302 cupiditas
997 1219 1113 1284 mrdtos
1128 1218 1289 1300 longiuse

88 1329 254 1404 evocabat,
278 1332 312 1390 et
334 1326 432 1390 silvae
454 1327 582 1391 incertis
599 1325 794 1408 occultisque
811 1326 977 1391 itineribus
994 1323 1150 1391 confertos
1166 1323 1254 1389 adire

89 1433 314 1516 prohibebant.
365 1431 399 1496 Si
425 1428 586 1512 negotium
615 1430 726 1498 confici
748 1433 943 1514 stirpemque
973 1430 1134 1497 bominum
1157 1429 1289 1495 scale-5

90 1546 234 1606 cetorum
250 1535 386 1603 interfici
409 1537 514 1617 vellet,
538 1539 745 1604 dimittendae
765 1538 871 1620 plnres
895 1554 1007 1602 monus
1024 1535 1253 1616 diducendique

89 1651 184 1710 erant
207 1645 341 1722 milites;
364 1645 391 1709 si
414 1645 576 1709 continere
599 1646 640 1709 ad
664 1645 755 1726 sigua
779 1643 955 1725 manipulos
973 1642 1082 1721 uellet,
1106 1646 1141 1706 ut
1163 1641 1253 1706 insti·
1273 1649 1289 1700 6

90 1756 165 1816 tuta
192 1751 273 1828 ratio
301 1757 334 1814 et
364 1751 558 1815 cousuetudo
589 1751 744 1815 exercitus
773 1749 907 1814 Romani
934 1749 1132 1831 postulabat,
1165 1746 1253 1812 locus

88 1858 162 1939 ipse
185 1864 255 1922 eret
282 1856 442 1938 praesidio
470 1855 632 1935 barbaris,
664 1873 767 1937 neque
796 1874 835 1919 ex
865 1853 988 1920 occulto
1017 1853 1187 1919 insidiandi
1222 1858 1255 1917 et

93 1963 253 2043 dispersos
278 1961 543 2026 circumveniendi
566 1960 699 2042 singulis
723 1961 834 2026 deerat
856 1959 999 2025 audacie.
1046 1958 1146 2024 Utin
1170 1959 1288 2023 eius-7

95 2067 182 2132 modi
205 2065 451 2145 difficultatibus,
478 2073 631 2148 quantum
654 2066 820 2148 diligentia
842 2065 1001 2148 provideri
1024 2070 1159 2146 potarat,
1182 2081 1253 2145 pro·

95 2173 274 2251 videbatur,
303 2179 340 2238 ut
361 2173 467 2254 potius
490 2173 522 2237 in
545 2173 686 2238 nocendo
709 2171 828 2253 aliquid
852 2172 1173 2253 praetermitteretur,
1194 2169 1255 2234 siai

91 2280 233 2344 omnium
267 2280 363 2344 animi
394 2280 435 2344 ad
467 2279 680 2344 ulciscendum
710 2279 882 2356 ardebant,
914 2293 1010 2358 qaam
1044 2295 1116 2342 carn
1149 2276 1254 2357 aliquo

94 2406 195 2413 ---

93 2455 231 2510 atltae.
247 2460 258 2509 l
280 2472 369 2524 neque
389 2464 463 2511 certa
483 2455 604 2510 subsidia
616 2454 674 2509 ool-
726 2455 841 2524 besorgt
860 2455 918 2511 sein
938 2454 1044 2509 mulsia.
1057 2484 1090 2491 —
1109 2453 1252 2525 confertos,
1272 2450 1306 2505 cf.

92 2544 179 2597 locari
209 2584 234 2598 ..
265 2552 402 2611 poterant.
436 2575 465 2582 —-
490 2542 671 2611 praesidium,
727 2543 759 2597 V.
781 2545 823 2601 16.
841 2546 867 2602 4.

90 2631 138 2684 ein
156 2630 243 2686 fester
262 2632 349 2687 Platz.
369 2662 403 2671 -
422 2631 496 2701 meod
514 2674 519 2685 .
535 2673 562 2687 ..
581 2632 673 2697 defem-
763 2634 787 2685 5.
807 2630 984 2684 dimittendae
997 2630 1092 2697 plures
1112 2644 1208 2681 reconna
1227 2626 1306 2680 dide·

90 2718 176 2785 deret,
204 2720 270 2788 „der
298 2720 358 2775 eicit
392 2721 472 2774 hatte
504 2720 673 2787 verteidigen
726 2718 1080 2788 cendiqeeereetmde'tea,
1101 2715 1304 2774 mutuemur

91 2808 232 2876 konnen“,
249 2809 293 2862 ein
309 2809 483 2863 konselrutin.
496 2809 673 2864 Relativsatz.
727 2808 803 2862 Haec
831 2808 858 2860 in
888 2806 998 2861 kleiuan
1026 2804 1210 2871 Abteilungen
1237 2803 1306 2869 iiber

130 2898 154 2949 3.
167 2896 673 2966 mandatione-⁴viciniqctdomel.
728 2896 789 2950 eine
822 2895 914 2962 grosse
946 2894 1033 2950 Front
1062 2892 1218 2947 ausbreiten
1251 2890 1305 2944 und

92 2985 182 3039 Aleib.
203 2987 271 3039 10.4
289 2984 424 3040 vicinitati
441 2986 581 3054 negotium
600 2985 674 3039 dant.
727 2982 903 3053 gleichzeitig
921 2981 1087 3050 vordriugen
1105 2986 1225 3035 musaeu.

91 3074 153 3127 Fur
171 3072 289 3128 Fremda
312 3090 405 3129 waren
429 3074 503 3129 diane
527 3074 673 3141 (legendam
763 3074 788 3127 6.
807 3071 832 3125 si
850 3071 988 3125 continere
1006 3068 1045 3123 od
1056 3069 1137 3137 siqua
1149 3065 1306 3135 manipnlos

93 3161 297 3229 unpessierbar.
308 3191 340 3201 -
360 3162 391 3215 ie
408 3178 513 3216 mmme
531 3163 673 3228 exercitae,
726 3159 811 3228 acuet,
829 3174 907 3213 wenn
925 3158 964 3227 C.,
982 3158 1032 3212 wie
1056 3172 1086 3211 os
1105 3156 1306 3223 hergebrechte

92 3248 144 3303 das
170 3249 240 3304 Groa
268 3251 316 3305 dea
344 3251 448 3305 Heereo
472 3252 613 3320 (universi)
635 3252 673 3304 im
727 3246 912 3314 Einriohtung
933 3262 1005 3312 mer,
1030 3246 1058 3300 in
1088 3245 1231 3314 grbiseren
1250 3247 1306 3297 An-

91 3336 249 3406 Gegansatz
285 3355 319 3393 za
356 3339 409 3394 den
444 3340 585 3395 einzelnen
615 3338 674 3394 Sol·
727 3335 945 3403 griffakolonnen
969 3332 1120 3389 rorrttolren
1140 3331 1246 3399 nolite,
1274 3347 1305 3385 so

93 3424 186 3481 daton.
201 3456 233 3464 -
245 3442 315 3493 quoe
392 3442 443 3493 res,
458 3427 502 3482 die
515 3426 675 3497 Erheltung
728 3424 853 3479 aebdtzte
872 3422 920 3477 das
939 3422 1054 3478 Terrain
1073 3421 1117 3475 die
1136 3420 1239 3477 Feinde
1256 3435 1306 3475 vor

93 3512 144 3567 der
162 3513 306 3568 einzelnen
318 3514 457 3570 Soldaten.
493 3514 627 3583 Obgleioh
644 3515 673 3570 C.
727 3512 817 3566 eineru
836 3511 994 3580 derartigeu
1014 3508 1131 3578 Angriff.

91 3600 139 3655 fur
156 3600 207 3655 das
219 3602 291 3655 Gens
310 3603 399 3657 seinen
410 3602 516 3657 Heeres
529 3602 620 3657 nichts
638 3618 674 3656 arr
763 3603 787 3654 7.
823 3599 859 3653 Ut
880 3601 912 3653 ie
940 3598 1072 3653 einamodi
1099 3596 1308 3665 difficultatibus

90 3689 223 3744 fbrohten
242 3689 335 3754 batte,
363 3690 512 3745 somniate
537 3690 587 3744 der
605 3690 672 3745 ller-
727 3689 814 3758 „nach
840 3688 982 3756 Mafsgabe
1010 3687 1120 3742 eolcher
1146 3686 1306 3751 Sobwierig·

91 3780 150 3832 luet
169 3778 311 3833 einzelnen
330 3777 477 3846 Soldaten,
496 3778 599 3834 welche
617 3794 672 3832 von
725 3774 1306 3843 kelteu,solebenSehwieriglreitengagen·

93 3866 145 3920 den
174 3865 327 3921 Eburoneu
359 3882 409 3920 aus
437 3867 515 3921 ihren
546 3864 671 3934 Schlnpi·
725 3864 829 3928 tiber“;
850 3880 880 3919 so
891 3865 967 3919 steht
976 3873 1006 3919 ut
1016 3864 1044 3917 in
1054 3862 1306 3918 beacbrankeudem

92 3953 673 4023 winkelnliberialleuwurdcn,gleichwobl
727 3953 809 4008 Sinna
841 3954 917 4007 nieht
954 3968 1006 4007 nur
1040 3952 1068 4005 in
1103 3949 1306 4017 vollsttndigen

93 4057 144 4097 vou
163 4041 281 4097 Einfluia
307 4042 357 4097 aui
380 4043 423 4097 die
449 4042 609 4098 Wohliabrt
627 4041 674 4111 (ad
727 4038 1306 4107 satzen,ctlvasueesteaptmdcrma-

89 4131 220 4196 salutem)
238 4130 287 4185 des
305 4146 410 4198 ganaen
428 4130 533 4186 Ileates
552 4131 620 4186 sein.
727 4144 833 4196 uorum,
846 4128 966 4184 sondern
979 4127 1050 4183 anch
1069 4126 1306 4194 inabgekttrzten‚

126 4225 151 4274 4.
171 4220 246 4273 Nem
255 4216 417 4286 begrdndet,
430 4234 533 4273 warum
540 4218 569 4274 0.
579 4233 673 4286 wegeu
727 4218 763 4273 cl'.
783 4218 810 4275 b.
828 4234 852 4273 o.
866 4217 901 4272 ΙΙ.
915 4220 958 4271 42.
975 4222 987 4271 1
1010 4216 1082 4271 utin
1095 4214 1202 4269 miseris
1216 4214 1306 4269 rebus.

90 4309 141 4365 der
152 4306 309 4363 Sioberheit
328 4306 377 4361 der
390 4307 531 4363 einzelnen
541 4307 673 4362 Soldateu
727 4336 762 4345 -
780 4305 897 4360 militem
916 4301 1087 4371 detrimento,
1118 4304 1166 4359 der
1192 4302 1307 4359 Genetiv
