<?xml version="1.0" encoding="UTF-8"?>
<!DOCTYPE html PUBLIC "-//W3C//DTD XHTML 1.0 Transitional//EN"
    "http://www.w3.org/TR/xhtml1/DTD/xhtml1-transitional.dtd">
<html xmlns="http://www.w3.org/1999/xhtml" xml:lang="en" lang="en">
 <head>
  <title>
</title>
<meta http-equiv="Content-Type" content="text/html;charset=utf-8" />
  <meta name='ocr-system' content='tesseract 3.04.00' />
  <meta name='ocr-capabilities' content='ocr_page ocr_carea ocr_par ocr_line ocrx_word'/>
</head>
<body>
  <div class='ocr_page' id='page_1' title='image "./ciuliicaesarisc00waltgoog_0366.png"; bbox 0 0 2934 4750; ppageno 0'>
   <div class='ocr_carea' id='block_1_1' title="bbox 70 3349 264 3426">
    <p class='ocr_par' dir='ltr' id='par_1_1' title="bbox 70 3349 264 3426">
     <span class='ocr_line' id='line_1_1' title="bbox 70 3349 264 3426; baseline 0.016 -26"><span class='ocrx_word' id='word_1_1' title='bbox 70 3419 74 3426; x_wconf 11' lang='lat' dir='ltr'>x</span> <span class='ocrx_word' id='word_1_2' title='bbox 165 3349 224 3403; x_wconf 84' lang='lat' dir='ltr'>halt</span> <span class='ocrx_word' id='word_1_3' title='bbox 214 3355 264 3405; x_wconf 90' lang='lat' dir='ltr'>t.es</span> 
     </span>
    </p>
   </div>
   <div class='ocr_carea' id='block_1_2' title="bbox 162 178 900 268">
    <p class='ocr_par' dir='ltr' id='par_1_2' title="bbox 162 178 900 268">
     <span class='ocr_line' id='line_1_2' title="bbox 162 178 900 268; baseline 0.005 -4"><span class='ocrx_word' id='word_1_4' title='bbox 162 205 205 264; x_wconf 83' lang='lat'>94</span> <span class='ocrx_word' id='word_1_5' title='bbox 430 178 434 252; x_wconf 20' lang='grc'>’-</span> <span class='ocrx_word' id='word_1_6' title='bbox 632 213 675 268; x_wconf 88' lang='lat' dir='ltr'>De</span> <span class='ocrx_word' id='word_1_7' title='bbox 693 214 766 268; x_wconf 93' lang='lat' dir='ltr'>bello</span> <span class='ocrx_word' id='word_1_8' title='bbox 786 213 900 268; x_wconf 82' lang='lat' dir='ltr'>Gallico.</span> 
     </span>
    </p>
   </div>
   <div class='ocr_carea' id='block_1_3' title="bbox 72 354 1386 2654">
    <p class='ocr_par' dir='ltr' id='par_1_3' title="bbox 72 354 1386 2654">
     <span class='ocr_line' id='line_1_3' title="bbox 217 354 1383 446; baseline -0.001 -26"><span class='ocrx_word' id='word_1_9' title='bbox 217 356 393 446; x_wconf 84' lang='lat' dir='ltr'>civitatum,</span> <span class='ocrx_word' id='word_1_10' title='bbox 417 374 550 438; x_wconf 90' lang='lat' dir='ltr'>quorum</span> <span class='ocrx_word' id='word_1_11' title='bbox 573 374 723 437; x_wconf 82' lang='lat' dir='ltr'>magnum</span> <span class='ocrx_word' id='word_1_12' title='bbox 739 373 905 421; x_wconf 89' lang='lat' dir='ltr'>numerum</span> <span class='ocrx_word' id='word_1_13' title='bbox 921 359 1119 436; x_wconf 84' lang='lat' dir='ltr'><strong>evocaverat,</strong></span> <span class='ocrx_word' id='word_1_14' title='bbox 1142 354 1303 440; x_wconf 90' lang='lat' dir='ltr'>praesidio</span> <span class='ocrx_word' id='word_1_15' title='bbox 1327 373 1383 437; x_wconf 94' lang='lat' dir='ltr'>pa·</span> 
     </span>
     <span class='ocr_line' id='line_1_4' title="bbox 162 459 1383 543; baseline 0.002 -18"><span class='ocrx_word' id='word_1_16' title='bbox 162 532 164 534; x_wconf 57' lang='grc'><strong>,</strong></span> <span class='ocrx_word' id='word_1_17' title='bbox 217 460 433 526; x_wconf 90' lang='lat' dir='ltr'>bulationibus</span> <span class='ocrx_word' id='word_1_18' title='bbox 443 462 555 541; x_wconf 86' lang='lat' dir='ltr'>mittit,</span> <span class='ocrx_word' id='word_1_19' title='bbox 579 463 633 543; x_wconf 91' lang='lat' dir='ltr'>qui</span> <span class='ocrx_word' id='word_1_20' title='bbox 656 461 779 526; x_wconf 88' lang='lat' dir='ltr'>subitas</span> <span class='ocrx_word' id='word_1_21' title='bbox 801 461 995 527; x_wconf 84' lang='lat' dir='ltr'><strong>incursiones</strong></span> <span class='ocrx_word' id='word_1_22' title='bbox 1019 459 1157 543; x_wconf 89' lang='lat' dir='ltr'>hostium</span> <span class='ocrx_word' id='word_1_23' title='bbox 1180 461 1383 527; x_wconf 84' lang='lat' dir='ltr'><strong>sustinerent.</strong></span> 
     </span>
     <span class='ocr_line' id='line_1_5' title="bbox 182 565 1382 647; baseline 0.002 -20"><span class='ocrx_word' id='word_1_24' title='bbox 182 579 196 627; x_wconf 95' lang='lat'>1</span> <span class='ocrx_word' id='word_1_25' title='bbox 326 571 375 634; x_wconf 85' lang='lat'>12.</span> <span class='ocrx_word' id='word_1_26' title='bbox 390 574 393 582; x_wconf 83' lang='lat'>&#39;</span> <span class='ocrx_word' id='word_1_27' title='bbox 409 566 502 644; x_wconf 81' lang='lat' dir='ltr'>Quod</span> <span class='ocrx_word' id='word_1_28' title='bbox 517 585 590 632; x_wconf 88' lang='lat' dir='ltr'>eum</span> <span class='ocrx_word' id='word_1_29' title='bbox 606 567 720 632; x_wconf 83' lang='lat' dir='ltr'><strong>cotidie</strong></span> <span class='ocrx_word' id='word_1_30' title='bbox 736 565 836 646; x_wconf 89' lang='lat' dir='ltr'>fieret,</span> <span class='ocrx_word' id='word_1_31' title='bbox 854 568 961 632; x_wconf 85' lang='lat' dir='ltr'>eciam</span> <span class='ocrx_word' id='word_1_32' title='bbox 973 565 1201 632; x_wconf 90' lang='lat' dir='ltr'>consuetudine</span> <span class='ocrx_word' id='word_1_33' title='bbox 1214 565 1382 647; x_wconf 77' lang='lat' dir='ltr'>diligentia</span> 
     </span>
     <span class='ocr_line' id='line_1_6' title="bbox 216 653 1383 754; baseline 0.001 -19"><span class='ocrx_word' id='word_1_34' title='bbox 216 672 420 751; x_wconf 91' lang='lat' dir='ltr'>minueretur,</span> <span class='ocrx_word' id='word_1_35' title='bbox 459 673 544 754; x_wconf 91' lang='lat' dir='ltr'>qnod</span> <span class='ocrx_word' id='word_1_36' title='bbox 582 673 786 754; x_wconf 81' lang='lat' dir='ltr'>plerumque.</span> <span class='ocrx_word' id='word_1_37' title='bbox 811 672 927 738; x_wconf 89' lang='lat' dir='ltr'>accidit</span> <span class='ocrx_word' id='word_1_38' title='bbox 963 653 1181 752; x_wconf 83' lang='lat' dir='ltr'>diuturnitate,</span> <span class='ocrx_word' id='word_1_39' title='bbox 1218 670 1383 736; x_wconf 44' lang='lat' dir='ltr'>‘Bellovaci</span> 
     </span>
     <span class='ocr_line' id='line_1_7' title="bbox 217 776 1383 859; baseline 0 -19"><span class='ocrx_word' id='word_1_40' title='bbox 217 777 343 857; x_wconf 86' lang='lat' dir='ltr'>delecta</span> <span class='ocrx_word' id='word_1_41' title='bbox 366 795 462 842; x_wconf 90' lang='lat' dir='ltr'>manu</span> <span class='ocrx_word' id='word_1_42' title='bbox 484 778 628 859; x_wconf 89' lang='lat' dir='ltr'>peditum</span> <span class='ocrx_word' id='word_1_43' title='bbox 652 776 1008 858; x_wconf 80' lang='lat' dir='ltr'>cognitis-stationibus</span> <span class='ocrx_word' id='word_1_44' title='bbox 1039 776 1207 842; x_wconf 77' lang='lat' dir='ltr'>cotidianis</span> <span class='ocrx_word' id='word_1_45' title='bbox 1232 776 1383 857; x_wconf 89' lang='lat' dir='ltr'>equitum</span> 
     </span>
     <span class='ocr_line' id='line_1_8' title="bbox 181 882 1384 963; baseline 0.004 -22"><span class='ocrx_word' id='word_1_46' title='bbox 181 892 198 941; x_wconf 88' lang='lat'><strong>2</strong></span> <span class='ocrx_word' id='word_1_47' title='bbox 217 887 399 948; x_wconf 90' lang='lat' dir='ltr'>nostrorum</span> <span class='ocrx_word' id='word_1_48' title='bbox 422 882 621 949; x_wconf 87' lang='lat' dir='ltr'>silvestribus</span> <span class='ocrx_word' id='word_1_49' title='bbox 644 882 720 948; x_wconf 91' lang='lat' dir='ltr'>locis</span> <span class='ocrx_word' id='word_1_50' title='bbox 736 883 867 948; x_wconf 82' lang='lat' dir='ltr'>insidias</span> <span class='ocrx_word' id='word_1_51' title='bbox 880 883 1052 963; x_wconf 89' lang='lat' dir='ltr'>disponunt</span> <span class='ocrx_word' id='word_1_52' title='bbox 1064 883 1239 963; x_wconf 90' lang='lat' dir='ltr'>eodemque</span> <span class='ocrx_word' id='word_1_53' title='bbox 1259 883 1384 962; x_wconf 85' lang='lat' dir='ltr'>equites</span> 
     </span>
     <span class='ocr_line' id='line_1_9' title="bbox 217 986 1384 1070; baseline -0.001 -18"><span class='ocrx_word' id='word_1_54' title='bbox 217 992 345 1070; x_wconf 90' lang='lat' dir='ltr'>postero</span> <span class='ocrx_word' id='word_1_55' title='bbox 370 989 420 1054; x_wconf 83' lang='lat' dir='ltr'>die</span> <span class='ocrx_word' id='word_1_56' title='bbox 442 990 583 1066; x_wconf 88' lang='lat' dir='ltr'>mittunt,</span> <span class='ocrx_word' id='word_1_57' title='bbox 606 990 661 1070; x_wconf 92' lang='lat' dir='ltr'>qui</span> <span class='ocrx_word' id='word_1_58' title='bbox 683 989 819 1069; x_wconf 91' lang='lat' dir='ltr'>primum</span> <span class='ocrx_word' id='word_1_59' title='bbox 842 988 994 1054; x_wconf 90' lang='lat' dir='ltr'>elicerent</span> <span class='ocrx_word' id='word_1_60' title='bbox 1016 992 1150 1064; x_wconf 91' lang='lat' dir='ltr'>nostros,</span> <span class='ocrx_word' id='word_1_61' title='bbox 1179 986 1296 1052; x_wconf 92' lang='lat' dir='ltr'>deinde</span> <span class='ocrx_word' id='word_1_62' title='bbox 1322 988 1384 1051; x_wconf 90' lang='lat' dir='ltr'>cir-</span> 
     </span>
     <span class='ocr_line' id='line_1_10' title="bbox 181 1079 1384 1176; baseline 0.002 -23"><span class='ocrx_word' id='word_1_63' title='bbox 181 1104 198 1153; x_wconf 85' lang='grc'>3</span> <span class='ocrx_word' id='word_1_64' title='bbox 217 1100 400 1159; x_wconf 83' lang='lat' dir='ltr'>cumventos</span> <span class='ocrx_word' id='word_1_65' title='bbox 412 1079 670 1176; x_wconf 80' lang='lat' dir='ltr'>aggrederentur.</span> <span class='ocrx_word' id='word_1_66' title='bbox 690 1112 696 1119; x_wconf 93' lang='lat'><em>·</em></span> <span class='ocrx_word' id='word_1_67' title='bbox 717 1093 815 1158; x_wconf 85' lang='lat' dir='ltr'>Cuius</span> <span class='ocrx_word' id='word_1_68' title='bbox 831 1087 907 1158; x_wconf 84' lang='lat' dir='ltr'>mali</span> <span class='ocrx_word' id='word_1_69' title='bbox 922 1111 993 1158; x_wconf 91' lang='lat' dir='ltr'>sors</span> <span class='ocrx_word' id='word_1_70' title='bbox 1008 1093 1120 1158; x_wconf 92' lang='lat' dir='ltr'>incidit</span> <span class='ocrx_word' id='word_1_71' title='bbox 1136 1092 1252 1172; x_wconf 86' lang='lat' dir='ltr'>Remis,</span> <span class='ocrx_word' id='word_1_72' title='bbox 1267 1093 1384 1173; x_wconf 89' lang='lat' dir='ltr'>quibus</span> 
     </span>
     <span class='ocr_line' id='line_1_11' title="bbox 216 1187 1384 1281; baseline 0.001 -19"><span class='ocrx_word' id='word_1_73' title='bbox 216 1199 269 1262; x_wconf 93' lang='lat' dir='ltr'>ille</span> <span class='ocrx_word' id='word_1_74' title='bbox 292 1199 361 1263; x_wconf 93' lang='lat' dir='ltr'>dies</span> <span class='ocrx_word' id='word_1_75' title='bbox 375 1198 526 1281; x_wconf 83' lang='lat' dir='ltr'>iungendi</span> <span class='ocrx_word' id='word_1_76' title='bbox 542 1202 683 1265; x_wconf 90' lang='lat' dir='ltr'>muneris</span> <span class='ocrx_word' id='word_1_77' title='bbox 699 1199 883 1266; x_wconf 86' lang='lat' dir='ltr'>obvenerat.</span> <span class='ocrx_word' id='word_1_78' title='bbox 923 1187 1076 1280; x_wconf 73' lang='lat' dir='ltr'>&#39;Namque</span> <span class='ocrx_word' id='word_1_79' title='bbox 1093 1198 1133 1276; x_wconf 90' lang='lat' dir='ltr'>hi,</span> <span class='ocrx_word' id='word_1_80' title='bbox 1159 1215 1231 1261; x_wconf 89' lang='lat' dir='ltr'>cunr</span> <span class='ocrx_word' id='word_1_81' title='bbox 1250 1203 1384 1280; x_wconf 90' lang='lat' dir='ltr'>repente</span> 
     </span>
     <span class='ocr_line' id='line_1_12' title="bbox 177 1302 1385 1385; baseline 0.002 -19"><span class='ocrx_word' id='word_1_82' title='bbox 177 1310 181 1321; x_wconf 91' lang='lat'><em>&#39;</em></span> <span class='ocrx_word' id='word_1_83' title='bbox 216 1302 354 1369; x_wconf 91' lang='lat' dir='ltr'>bostium</span> <span class='ocrx_word' id='word_1_84' title='bbox 377 1305 500 1385; x_wconf 81' lang='lat' dir='ltr'>equites</span> <span class='ocrx_word' id='word_1_85' title='bbox 523 1305 821 1370; x_wconf 85' lang='lat' dir='ltr'>animadvertissent</span> <span class='ocrx_word' id='word_1_86' title='bbox 844 1323 882 1369; x_wconf 90' lang='lat' dir='ltr'>ac</span> <span class='ocrx_word' id='word_1_87' title='bbox 897 1323 1028 1369; x_wconf 88' lang='lat' dir='ltr'>numero</span> <span class='ocrx_word' id='word_1_88' title='bbox 1045 1304 1385 1385; x_wconf 79' lang='lat' dir='ltr'>superiores&#39;paucita·</span> 
     </span>
     <span class='ocr_line' id='line_1_13' title="bbox 199 1409 1385 1492; baseline 0.001 -20"><span class='ocrx_word' id='word_1_89' title='bbox 199 1412 283 1472; x_wconf 79' lang='lat' dir='ltr'>tem</span> <span class='ocrx_word' id='word_1_90' title='bbox 313 1411 585 1491; x_wconf 85' lang='lat' dir='ltr'>contempsissent,</span> <span class='ocrx_word' id='word_1_91' title='bbox 614 1411 758 1492; x_wconf 91' lang='lat' dir='ltr'>cupidius</span> <span class='ocrx_word' id='word_1_92' title='bbox 787 1411 923 1475; x_wconf 90' lang='lat' dir='ltr'>insecuti</span> <span class='ocrx_word' id='word_1_93' title='bbox 951 1409 1110 1491; x_wconf 86' lang='lat' dir='ltr'>peditibus</span> <span class='ocrx_word' id='word_1_94' title='bbox 1140 1409 1280 1490; x_wconf 87' lang='lat' dir='ltr'>undique</span> <span class='ocrx_word' id='word_1_95' title='bbox 1309 1414 1385 1473; x_wconf 89' lang='lat' dir='ltr'>sunt</span> 
     </span>
     <span class='ocr_line' id='line_1_14' title="bbox 183 1514 1385 1596; baseline 0.007 -24"><span class='ocrx_word' id='word_1_96' title='bbox 183 1514 413 1580; x_wconf 74' lang='lat' dir='ltr'>reircumdaci.</span> <span class='ocrx_word' id='word_1_97' title='bbox 461 1515 530 1593; x_wconf 83' lang='lat' dir='ltr'>Quo</span> <span class='ocrx_word' id='word_1_98' title='bbox 562 1514 647 1580; x_wconf 85' lang='lat' dir='ltr'>facto</span> <span class='ocrx_word' id='word_1_99' title='bbox 678 1515 858 1596; x_wconf 87' lang='lat' dir='ltr'>perturbati</span> <span class='ocrx_word' id='word_1_100' title='bbox 885 1515 1027 1593; x_wconf 84' lang='lat' dir='ltr'>celerius,</span> <span class='ocrx_word' id='word_1_101' title='bbox 1044 1532 1155 1596; x_wconf 87' lang='lat' dir='ltr'>quam</span> <span class='ocrx_word' id='word_1_102' title='bbox 1187 1514 1385 1580; x_wconf 86' lang='lat' dir='ltr'>consuetudo</span> 
     </span>
     <span class='ocr_line' id='line_1_15' title="bbox 220 1617 1386 1702; baseline 0.003 -21"><span class='ocrx_word' id='word_1_103' title='bbox 220 1617 282 1682; x_wconf 85' lang='lat' dir='ltr'>ieri</span> <span class='ocrx_word' id='word_1_104' title='bbox 305 1620 461 1701; x_wconf 91' lang='lat' dir='ltr'>equestris</span> <span class='ocrx_word' id='word_1_105' title='bbox 483 1620 603 1700; x_wconf 88' lang='lat' dir='ltr'>proelii,</span> <span class='ocrx_word' id='word_1_106' title='bbox 634 1637 668 1684; x_wconf 93' lang='lat' dir='ltr'>se</span> <span class='ocrx_word' id='word_1_107' title='bbox 696 1625 887 1702; x_wconf 92' lang='lat' dir='ltr'>receperunt</span> <span class='ocrx_word' id='word_1_108' title='bbox 913 1620 1030 1683; x_wconf 89' lang='lat' dir='ltr'>amisso</span> <span class='ocrx_word' id='word_1_109' title='bbox 1058 1619 1213 1696; x_wconf 90' lang='lat' dir='ltr'>Vertisco,</span> <span class='ocrx_word' id='word_1_110' title='bbox 1241 1619 1386 1700; x_wconf 89' lang='lat' dir='ltr'>principe</span> 
     </span>
     <span class='ocr_line' id='line_1_16' title="bbox 183 1709 1384 1806; baseline 0.003 -22"><span class='ocrx_word' id='word_1_111' title='bbox 183 1724 369 1804; x_wconf 79' lang='lat' dir='ltr'>salvitatis,</span> <span class='ocrx_word' id='word_1_112' title='bbox 394 1724 555 1806; x_wconf 85' lang='lat' dir='ltr'>praelecto</span> <span class='ocrx_word' id='word_1_113' title='bbox 579 1726 735 1806; x_wconf 89' lang='lat' dir='ltr'>equitum;</span> <span class='ocrx_word' id='word_1_114' title='bbox 760 1725 816 1804; x_wconf 90' lang='lat' dir='ltr'>qui</span> <span class='ocrx_word' id='word_1_115' title='bbox 838 1742 909 1788; x_wconf 91' lang='lat' dir='ltr'>cum</span> <span class='ocrx_word' id='word_1_116' title='bbox 932 1723 984 1788; x_wconf 87' lang='lat' dir='ltr'>vix</span> <span class='ocrx_word' id='word_1_117' title='bbox 1000 1740 1080 1803; x_wconf 92' lang='lat' dir='ltr'>equo</span> <span class='ocrx_word' id='word_1_118' title='bbox 1097 1729 1228 1804; x_wconf 91' lang='lat' dir='ltr'>propter</span> <span class='ocrx_word' id='word_1_119' title='bbox 1244 1709 1384 1788; x_wconf 85' lang='lat' dir='ltr'>aetatem</span> 
     </span>
     <span class='ocr_line' id='line_1_17' title="bbox 216 1829 1384 1910; baseline 0.001 -17"><span class='ocrx_word' id='word_1_120' title='bbox 216 1835 324 1909; x_wconf 91' lang='lat' dir='ltr'>posset</span> <span class='ocrx_word' id='word_1_121' title='bbox 347 1831 402 1908; x_wconf 87' lang='lat' dir='ltr'>uti,</span> <span class='ocrx_word' id='word_1_122' title='bbox 427 1835 532 1895; x_wconf 89' lang='lat' dir='ltr'>tamen</span> <span class='ocrx_word' id='word_1_123' title='bbox 564 1831 791 1897; x_wconf 87' lang='lat' dir='ltr'>consuetudine</span> <span class='ocrx_word' id='word_1_124' title='bbox 819 1829 982 1894; x_wconf 82' lang='lat' dir='ltr'>Gallorum</span> <span class='ocrx_word' id='word_1_125' title='bbox 1013 1847 1116 1910; x_wconf 90' lang='lat' dir='ltr'>neque</span> <span class='ocrx_word' id='word_1_126' title='bbox 1146 1829 1259 1900; x_wconf 84' lang='lat' dir='ltr'>aetatis</span> <span class='ocrx_word' id='word_1_127' title='bbox 1289 1849 1384 1894; x_wconf 85' lang='lat' dir='ltr'>excu-</span> 
     </span>
     <span class='ocr_line' id='line_1_18' title="bbox 217 1934 1386 2026; baseline 0.003 -29"><span class='ocrx_word' id='word_1_128' title='bbox 217 1936 342 2000; x_wconf 80' lang='lat' dir='ltr'>satione</span> <span class='ocrx_word' id='word_1_129' title='bbox 364 1937 398 2001; x_wconf 94' lang='lat' dir='ltr'>in</span> <span class='ocrx_word' id='word_1_130' title='bbox 434 1938 634 2026; x_wconf 87' lang='lat' dir='ltr'>suscipienda</span> <span class='ocrx_word' id='word_1_131' title='bbox 665 1936 868 2020; x_wconf 84' lang='lat' dir='ltr'>praefectura</span> <span class='ocrx_word' id='word_1_132' title='bbox 899 1955 975 2003; x_wconf 89' lang='lat' dir='ltr'>usus</span> <span class='ocrx_word' id='word_1_133' title='bbox 1007 1941 1078 2001; x_wconf 88' lang='lat' dir='ltr'>erat</span> <span class='ocrx_word' id='word_1_134' title='bbox 1104 1934 1206 2018; x_wconf 82' lang='lat' dir='ltr'>neque</span> <span class='ocrx_word' id='word_1_135' title='bbox 1239 1937 1386 2002; x_wconf 83' lang='lat' dir='ltr'>dimicari</span> 
     </span>
     <span class='ocr_line' id='line_1_19' title="bbox 182 2030 1386 2128; baseline 0.005 -27"><span class='ocrx_word' id='word_1_136' title='bbox 182 2041 283 2105; x_wconf 80' lang='lat' dir='ltr'>tsine</span> <span class='ocrx_word' id='word_1_137' title='bbox 318 2059 353 2106; x_wconf 90' lang='lat' dir='ltr'>se</span> <span class='ocrx_word' id='word_1_138' title='bbox 386 2044 543 2111; x_wconf 88' lang='lat' dir='ltr'>voluerat.</span> <span class='ocrx_word' id='word_1_139' title='bbox 589 2041 746 2128; x_wconf 83' lang='lat' dir='ltr'>Inflantur</span> <span class='ocrx_word' id='word_1_140' title='bbox 778 2041 874 2125; x_wconf 86' lang='lat' dir='ltr'>atque</span> <span class='ocrx_word' id='word_1_141' title='bbox 907 2030 1081 2108; x_wconf 86' lang='lat' dir='ltr'>incitantur</span> <span class='ocrx_word' id='word_1_142' title='bbox 1102 2041 1255 2106; x_wconf 87' lang='lat' dir='ltr'>bostium</span> <span class='ocrx_word' id='word_1_143' title='bbox 1287 2043 1386 2107; x_wconf 87' lang='lat' dir='ltr'>animi</span> 
     </span>
     <span class='ocr_line' id='line_1_20' title="bbox 218 2147 1384 2236; baseline 0.003 -26"><span class='ocrx_word' id='word_1_144' title='bbox 218 2148 357 2212; x_wconf 90' lang='lat' dir='ltr'>secundo</span> <span class='ocrx_word' id='word_1_145' title='bbox 392 2149 520 2230; x_wconf 88' lang='lat' dir='ltr'>proelio,</span> <span class='ocrx_word' id='word_1_146' title='bbox 554 2149 696 2230; x_wconf 86' lang='lat' dir='ltr'>principe</span> <span class='ocrx_word' id='word_1_147' title='bbox 728 2155 762 2213; x_wconf 93' lang='lat' dir='ltr'>et</span> <span class='ocrx_word' id='word_1_148' title='bbox 798 2148 958 2230; x_wconf 89' lang='lat' dir='ltr'>praefecto</span> <span class='ocrx_word' id='word_1_149' title='bbox 996 2148 1165 2236; x_wconf 87' lang='lat' dir='ltr'>Remorum</span> <span class='ocrx_word' id='word_1_150' title='bbox 1200 2147 1384 2227; x_wconf 88' lang='lat' dir='ltr'>interfecto,</span> 
     </span>
     <span class='ocr_line' id='line_1_21' title="bbox 183 2253 1384 2336; baseline 0.005 -24"><span class='ocrx_word' id='word_1_151' title='bbox 183 2255 381 2334; x_wconf 71' lang='lat' dir='ltr'>anostrique</span> <span class='ocrx_word' id='word_1_152' title='bbox 408 2254 598 2318; x_wconf 89' lang='lat' dir='ltr'>detrimento</span> <span class='ocrx_word' id='word_1_153' title='bbox 632 2255 843 2320; x_wconf 89' lang='lat' dir='ltr'>admonentur</span> <span class='ocrx_word' id='word_1_154' title='bbox 877 2254 1059 2336; x_wconf 81' lang='lat' dir='ltr'>diligentius</span> <span class='ocrx_word' id='word_1_155' title='bbox 1096 2253 1267 2334; x_wconf 85' lang='lat' dir='ltr'>exploratis</span> <span class='ocrx_word' id='word_1_156' title='bbox 1306 2253 1384 2318; x_wconf 90' lang='lat' dir='ltr'>locis</span> 
     </span>
     <span class='ocr_line' id='line_1_22' title="bbox 218 2356 1343 2441; baseline 0.003 -20"><span class='ocrx_word' id='word_1_157' title='bbox 218 2356 373 2422; x_wconf 90' lang='lat' dir='ltr'>stationes</span> <span class='ocrx_word' id='word_1_158' title='bbox 397 2358 565 2441; x_wconf 91' lang='lat' dir='ltr'>disponere</span> <span class='ocrx_word' id='word_1_159' title='bbox 588 2379 628 2425; x_wconf 87' lang='lat' dir='ltr'>ac·</span> <span class='ocrx_word' id='word_1_160' title='bbox 648 2359 843 2425; x_wconf 85' lang='lat' dir='ltr'>moderatius</span> <span class='ocrx_word' id='word_1_161' title='bbox 866 2360 1028 2425; x_wconf 90' lang='lat' dir='ltr'>cedentem</span> <span class='ocrx_word' id='word_1_162' title='bbox 1051 2359 1174 2439; x_wconf 89' lang='lat' dir='ltr'>insequi</span> <span class='ocrx_word' id='word_1_163' title='bbox 1196 2357 1343 2426; x_wconf 83' lang='lat' dir='ltr'>hostem.¹</span> 
     </span>
     <span class='ocr_line' id='line_1_23' title="bbox 72 2446 1384 2549; baseline 0.007 -28"><span class='ocrx_word' id='word_1_164' title='bbox 72 2487 76 2494; x_wconf 95' lang='lat'><em>·</em></span> <span class='ocrx_word' id='word_1_165' title='bbox 186 2456 218 2521; x_wconf 78' lang='lat'>1&#39;</span> <span class='ocrx_word' id='word_1_166' title='bbox 309 2468 377 2536; x_wconf 90' lang='grc' dir='ltr'>Ι13.</span> <span class='ocrx_word' id='word_1_167' title='bbox 411 2463 482 2528; x_wconf 90' lang='lat' dir='ltr'>Non</span> <span class='ocrx_word' id='word_1_168' title='bbox 504 2446 874 2531; x_wconf 47' lang='lat' dir='ltr'>intermittunt‘interim</span> <span class='ocrx_word' id='word_1_169' title='bbox 904 2464 1064 2531; x_wconf 90' lang='lat' dir='ltr'>cotidiana</span> <span class='ocrx_word' id='word_1_170' title='bbox 1095 2463 1215 2545; x_wconf 90' lang='lat' dir='ltr'>proelia</span> <span class='ocrx_word' id='word_1_171' title='bbox 1246 2465 1279 2527; x_wconf 90' lang='lat' dir='ltr'>in</span> <span class='ocrx_word' id='word_1_172' title='bbox 1310 2462 1384 2549; x_wconf 60' lang='lat' dir='ltr'>conss</span> 
     </span>
     <span class='ocr_line' id='line_1_24' title="bbox 219 2569 1385 2654; baseline 0.003 -22"><span class='ocrx_word' id='word_1_173' title='bbox 219 2574 331 2649; x_wconf 86' lang='lat' dir='ltr'>spectu</span> <span class='ocrx_word' id='word_1_174' title='bbox 354 2574 561 2651; x_wconf 91' lang='lat' dir='ltr'>utrorumque</span> <span class='ocrx_word' id='word_1_175' title='bbox 577 2577 764 2651; x_wconf 87' lang='lat' dir='ltr'>castrorum,</span> <span class='ocrx_word' id='word_1_176' title='bbox 789 2591 870 2654; x_wconf 87' lang='lat' dir='ltr'>quae</span> <span class='ocrx_word' id='word_1_177' title='bbox 880 2572 922 2637; x_wconf 89' lang='lat' dir='ltr'>ad</span> <span class='ocrx_word' id='word_1_178' title='bbox 934 2572 1014 2635; x_wconf 83' lang='lat' dir='ltr'>vada</span> <span class='ocrx_word' id='word_1_179' title='bbox 1030 2571 1251 2651; x_wconf 88' lang='lat' dir='ltr'>transitusque</span> <span class='ocrx_word' id='word_1_180' title='bbox 1264 2569 1385 2636; x_wconf 86' lang='lat' dir='ltr'>fiebant</span> 
     </span>
    </p>
   </div>
   <div class='ocr_carea' id='block_1_4' title="bbox 109 2866 1386 3643">
    <p class='ocr_par' dir='ltr' id='par_1_4' title="bbox 109 2866 1384 3461">
     <span class='ocr_line' id='line_1_25' title="bbox 165 2866 1384 2936; baseline 0.002 -18"><span class='ocrx_word' id='word_1_181' title='bbox 165 2866 206 2919; x_wconf 88' lang='lat' dir='ltr'>sie</span> <span class='ocrx_word' id='word_1_182' title='bbox 238 2866 298 2920; x_wconf 90' lang='lat' dir='ltr'>sich</span> <span class='ocrx_word' id='word_1_183' title='bbox 331 2866 473 2933; x_wconf 76' lang='lat' dir='ltr'>tiglich</span> <span class='ocrx_word' id='word_1_184' title='bbox 465 2884 493 2919; x_wconf 88' lang='lat' dir='ltr'>m</span> <span class='ocrx_word' id='word_1_185' title='bbox 521 2867 624 2921; x_wconf 90' lang='lat' dir='ltr'>diesem</span> <span class='ocrx_word' id='word_1_186' title='bbox 649 2867 747 2921; x_wconf 89' lang='lat' dir='ltr'>Dienst</span> <span class='ocrx_word' id='word_1_187' title='bbox 837 2869 860 2919; x_wconf 88' lang='lat'>5.</span> <span class='ocrx_word' id='word_1_188' title='bbox 881 2867 980 2919; x_wconf 83' lang='lat' dir='ltr'>aetatis</span> <span class='ocrx_word' id='word_1_189' title='bbox 998 2867 1182 2933; x_wconf 80' lang='lat' dir='ltr'>accusatione,</span> <span class='ocrx_word' id='word_1_190' title='bbox 1196 2867 1231 2921; x_wconf 83' lang='lat' dir='ltr'>cf.</span> <span class='ocrx_word' id='word_1_191' title='bbox 1246 2884 1289 2936; x_wconf 93' lang='lat' dir='ltr'>ep</span> <span class='ocrx_word' id='word_1_192' title='bbox 1305 2868 1384 2922; x_wconf 85' lang='lat' dir='ltr'>ldif-</span> 
     </span>
     <span class='ocr_line' id='line_1_26' title="bbox 109 2952 1164 3037; baseline 0.002 -32"><span class='ocrx_word' id='word_1_193' title='bbox 109 2995 111 2998; x_wconf 92' lang='lat'>.</span> <span class='ocrx_word' id='word_1_194' title='bbox 165 2954 366 3008; x_wconf 83' lang='lat' dir='ltr'>ablbsten.-</span> <span class='ocrx_word' id='word_1_195' title='bbox 405 2955 579 3028; x_wconf 78' lang='lat' dir='ltr'>Liepdnem,</span> <span class='ocrx_word' id='word_1_196' title='bbox 618 2955 653 3037; x_wconf 84' lang='lat' dir='ltr'>ef</span> <span class='ocrx_word' id='word_1_197' title='bbox 685 2954 746 3007; x_wconf 87' lang='lat' dir='ltr'>VII.</span> <span class='ocrx_word' id='word_1_198' title='bbox 802 2952 932 3008; x_wconf 87' lang='lat' dir='ltr'>ficultatis</span> <span class='ocrx_word' id='word_1_199' title='bbox 952 2956 1164 3010; x_wconf 88' lang='lat' dir='ltr'>excusationem</span> 
     </span>
     <span class='ocr_line' id='line_1_27' title="bbox 166 3040 1383 3113; baseline 0.002 -19"><span class='ocrx_word' id='word_1_200' title='bbox 166 3042 192 3094; x_wconf 84' lang='grc'>9.</span> <span class='ocrx_word' id='word_1_201' title='bbox 209 3044 235 3095; x_wconf 88' lang='grc'>4.</span> <span class='ocrx_word' id='word_1_202' title='bbox 387 3048 390 3052; x_wconf 88' lang='grc'><strong>’</strong></span> <span class='ocrx_word' id='word_1_203' title='bbox 836 3045 860 3111; x_wconf 91' lang='grc'><strong>6.</strong></span> <span class='ocrx_word' id='word_1_204' title='bbox 880 3040 988 3113; x_wconf 77' lang='lat' dir='ltr'>Inflant</span> <span class='ocrx_word' id='word_1_205' title='bbox 991 3058 1024 3096; x_wconf 83' lang='lat' dir='ltr'>ur</span> <span class='ocrx_word' id='word_1_206' title='bbox 1042 3048 1123 3110; x_wconf 78' lang='lat' dir='ltr'>atque</span> <span class='ocrx_word' id='word_1_207' title='bbox 1141 3044 1313 3110; x_wconf 80' lang='lat' dir='ltr'>incit‚ootur</span> <span class='ocrx_word' id='word_1_208' title='bbox 1334 3044 1383 3098; x_wconf 90' lang='lat' dir='ltr'>Be·</span> 
     </span>
     <span class='ocr_line' id='line_1_28' title="bbox 801 3130 1383 3217; baseline 0 -34"><span class='ocrx_word' id='word_1_209' title='bbox 801 3130 955 3217; x_wconf 84' lang='lat' dir='ltr'>zeiebnung</span> <span class='ocrx_word' id='word_1_210' title='bbox 987 3130 1035 3184; x_wconf 89' lang='lat' dir='ltr'>der</span> <span class='ocrx_word' id='word_1_211' title='bbox 1058 3130 1306 3197; x_wconf 79' lang='lat' dir='ltr'>Aufgeblasenbeit</span> <span class='ocrx_word' id='word_1_212' title='bbox 1328 3132 1383 3185; x_wconf 91' lang='lat' dir='ltr'>und</span> 
     </span>
     <span class='ocr_line' id='line_1_29' title="bbox 803 3205 1384 3285; baseline 0.002 -14"><span class='ocrx_word' id='word_1_213' title='bbox 803 3217 850 3272; x_wconf 87' lang='lat' dir='ltr'>des</span> <span class='ocrx_word' id='word_1_214' title='bbox 870 3205 1017 3279; x_wconf 78' lang='lat' dir='ltr'>llbermuta</span> <span class='ocrx_word' id='word_1_215' title='bbox 1043 3219 1090 3272; x_wconf 88' lang='lat' dir='ltr'>der</span> <span class='ocrx_word' id='word_1_216' title='bbox 1112 3218 1231 3285; x_wconf 78' lang='lat' dir='ltr'>Gallim,</span> <span class='ocrx_word' id='word_1_217' title='bbox 1259 3218 1294 3272; x_wconf 86' lang='lat' dir='ltr'>ef.</span> <span class='ocrx_word' id='word_1_218' title='bbox 1315 3218 1340 3276; x_wconf 87' lang='lat' dir='ltr'>b,</span> <span class='ocrx_word' id='word_1_219' title='bbox 1361 3236 1384 3272; x_wconf 91' lang='lat' dir='ltr'>c.</span> 
     </span>
     <span class='ocr_line' id='line_1_30' title="bbox 800 3306 1383 3374; baseline 0.003 -17"><span class='ocrx_word' id='word_1_220' title='bbox 800 3306 850 3359; x_wconf 86' lang='lat' dir='ltr'>III.</span> <span class='ocrx_word' id='word_1_221' title='bbox 872 3309 922 3359; x_wconf 87' lang='grc'>108</span> <span class='ocrx_word' id='word_1_222' title='bbox 941 3307 1013 3361; x_wconf 90' lang='lat' dir='ltr'>hunc</span> <span class='ocrx_word' id='word_1_223' title='bbox 1033 3308 1178 3360; x_wconf 87' lang='lat' dir='ltr'>incitatum</span> <span class='ocrx_word' id='word_1_224' title='bbox 1198 3308 1254 3359; x_wconf 86' lang='lat' dir='ltr'>suis</span> <span class='ocrx_word' id='word_1_225' title='bbox 1273 3312 1301 3359; x_wconf 90' lang='lat' dir='ltr'>et</span> <span class='ocrx_word' id='word_1_226' title='bbox 1311 3308 1383 3374; x_wconf 81' lang='lat' dir='ltr'>regis</span> 
     </span>
     <span class='ocr_line' id='line_1_31' title="bbox 801 3392 1192 3474; baseline 0 -27"><span class='ocrx_word' id='word_1_227' title='bbox 801 3392 923 3447; x_wconf 89' lang='lat' dir='ltr'>inflatum</span> <span class='ocrx_word' id='word_1_228' title='bbox 942 3395 1192 3474; x_wconf 89' lang='lat' dir='ltr'>pollicitationibus.</span> 
     </span>
    </p>

    <p class='ocr_par' dir='ltr' id='par_1_5' title="bbox 167 3469 1385 3642">
     <span class='ocr_line' id='line_1_32' title="bbox 179 3469 1385 3567; baseline 0.003 -15.058"><span class='ocrx_word' id='word_1_229' title='bbox 179 3500 226 3553; x_wconf 85' lang='grc'>3.</span> <span class='ocrx_word' id='word_1_230' title='bbox 252 3499 338 3553; x_wconf 79' lang='lat' dir='ltr'>Gaios</span> <span class='ocrx_word' id='word_1_231' title='bbox 364 3499 432 3552; x_wconf 81' lang='lat' dir='ltr'>moli</span> <span class='ocrx_word' id='word_1_232' title='bbox 460 3515 530 3567; x_wconf 89' lang='lat' dir='ltr'>sors,</span> <span class='ocrx_word' id='word_1_233' title='bbox 563 3500 597 3554; x_wconf 86' lang='lat' dir='ltr'>of</span> <span class='ocrx_word' id='word_1_234' title='bbox 628 3516 651 3553; x_wconf 90' lang='lat' dir='ltr'>c</span> <span class='ocrx_word' id='word_1_235' title='bbox 682 3505 705 3555; x_wconf 94' lang='lat'>1.</span> <span class='ocrx_word' id='word_1_236' title='bbox 730 3505 747 3555; x_wconf 82' lang='lat'>3</span> <span class='ocrx_word' id='word_1_237' title='bbox 837 3486 861 3535; x_wconf 87' lang='lat'>7·</span> <span class='ocrx_word' id='word_1_238' title='bbox 881 3469 1113 3541; x_wconf 52' lang='grc' dir='ltr'><strong>6660666666υ</strong></span> <span class='ocrx_word' id='word_1_239' title='bbox 1133 3482 1315 3549; x_wconf 43' lang='lat' dir='ltr'>stimme</span> <span class='ocrx_word' id='word_1_240' title='bbox 1335 3498 1385 3536; x_wconf 66' lang='grc' dir='ltr'>ΜΓ</span> 
     </span>
     <span class='ocr_line' id='line_1_33' title="bbox 167 3569 1386 3643; baseline 0.001 -21"><span class='ocrx_word' id='word_1_241' title='bbox 167 3595 271 3639; x_wconf 62' lang='lat' dir='ltr'>,ortem</span> <span class='ocrx_word' id='word_1_242' title='bbox 288 3588 459 3643; x_wconf 44' lang='lat' dir='ltr'>incommodi,</span> <span class='ocrx_word' id='word_1_243' title='bbox 801 3569 939 3623; x_wconf 84' lang='lat' dir='ltr'>bisweilen</span> <span class='ocrx_word' id='word_1_244' title='bbox 956 3569 1042 3623; x_wconf 90' lang='lat' dir='ltr'>findet</span> <span class='ocrx_word' id='word_1_245' title='bbox 1066 3570 1156 3623; x_wconf 85' lang='lat' dir='ltr'>sielr</span> <span class='ocrx_word' id='word_1_246' title='bbox 1148 3587 1177 3623; x_wconf 90' lang='lat' dir='ltr'>rn</span> <span class='ocrx_word' id='word_1_247' title='bbox 1202 3570 1252 3623; x_wconf 89' lang='lat' dir='ltr'>der</span> <span class='ocrx_word' id='word_1_248' title='bbox 1269 3578 1386 3625; x_wconf 88' lang='lat' dir='ltr'>muster·</span> 
     </span>
    </p>
   </div>
   <div class='ocr_carea' id='block_1_5' title="bbox 801 3657 1385 3725">
    <p class='ocr_par' dir='ltr' id='par_1_6' title="bbox 801 3657 1385 3725">
     <span class='ocr_line' id='line_1_34' title="bbox 801 3657 1385 3725; baseline 0.003 -16"><span class='ocrx_word' id='word_1_249' title='bbox 801 3658 926 3725; x_wconf 85' lang='lat' dir='ltr'>gdltigen</span> <span class='ocrx_word' id='word_1_250' title='bbox 946 3658 1034 3711; x_wconf 90' lang='lat' dir='ltr'>Prosa</span> <span class='ocrx_word' id='word_1_251' title='bbox 1058 3657 1241 3711; x_wconf 80' lang='lat' dir='ltr'>admonere</span> <span class='ocrx_word' id='word_1_252' title='bbox 1233 3675 1261 3711; x_wconf 91' lang='lat' dir='ltr'>rn</span> <span class='ocrx_word' id='word_1_253' title='bbox 1294 3658 1385 3712; x_wconf 86' lang='lat' dir='ltr'>dieser</span> 
     </span>
    </p>
   </div>
   <div class='ocr_carea' id='block_1_6' title="bbox 167 3728 1385 3899">
    <p class='ocr_par' dir='ltr' id='par_1_7' title="bbox 167 3728 1385 3889">
     <span class='ocr_line' id='line_1_35' title="bbox 202 3728 1384 3814; baseline 0.005 -20"><span class='ocrx_word' id='word_1_254' title='bbox 202 3729 381 3794; x_wconf 54' lang='grc'><strong>61666660</strong></span> <span class='ocrx_word' id='word_1_255' title='bbox 400 3728 529 3795; x_wconf 57' lang='lat' dir='ltr'>“dullum</span> <span class='ocrx_word' id='word_1_256' title='bbox 549 3729 593 3783; x_wconf 64' lang='grc'>616</span> <span class='ocrx_word' id='word_1_257' title='bbox 610 3730 747 3783; x_wconf 58' lang='grc'><strong>66616666</strong></span> <span class='ocrx_word' id='word_1_258' title='bbox 801 3746 966 3814; x_wconf 86' lang='lat' dir='ltr'>Bedentung</span> <span class='ocrx_word' id='word_1_259' title='bbox 985 3746 1036 3799; x_wconf 91' lang='lat' dir='ltr'>mrt</span> <span class='ocrx_word' id='word_1_260' title='bbox 1049 3746 1109 3799; x_wconf 92' lang='lat' dir='ltr'>dem</span> <span class='ocrx_word' id='word_1_261' title='bbox 1126 3745 1230 3801; x_wconf 89' lang='lat' dir='ltr'>Infinit.</span> <span class='ocrx_word' id='word_1_262' title='bbox 1253 3746 1384 3800; x_wconf 87' lang='lat' dir='ltr'>konstru·</span> 
     </span>
     <span class='ocr_line' id='line_1_36' title="bbox 167 3814 1385 3899; baseline 0.005 -31"><span class='ocrx_word' id='word_1_263' title='bbox 167 3814 304 3882; x_wconf 84' lang='lat' dir='ltr'>Reicerei,</span> <span class='ocrx_word' id='word_1_264' title='bbox 322 3814 426 3869; x_wconf 84' lang='lat' dir='ltr'>welche</span> <span class='ocrx_word' id='word_1_265' title='bbox 454 3818 512 3871; x_wconf 90' lang='lat' dir='ltr'>sich</span> <span class='ocrx_word' id='word_1_266' title='bbox 538 3832 588 3871; x_wconf 87' lang='lat' dir='ltr'>eus</span> <span class='ocrx_word' id='word_1_267' title='bbox 607 3817 746 3871; x_wconf 83' lang='lat' dir='ltr'>Auxiliar-</span> <span class='ocrx_word' id='word_1_268' title='bbox 801 3835 864 3899; x_wconf 61' lang='lat' dir='ltr'>ier,</span> <span class='ocrx_word' id='word_1_269' title='bbox 884 3833 918 3888; x_wconf 64' lang='lat' dir='ltr'>cf</span> <span class='ocrx_word' id='word_1_270' title='bbox 938 3833 992 3887; x_wconf 67' lang='lat' dir='ltr'>cqc</span> <span class='ocrx_word' id='word_1_271' title='bbox 1012 3833 1089 3887; x_wconf 61' lang='lat' dir='ltr'>verr</span> <span class='ocrx_word' id='word_1_272' title='bbox 1118 3834 1140 3888; x_wconf 91' lang='lat'>1</span> <span class='ocrx_word' id='word_1_273' title='bbox 1160 3838 1203 3888; x_wconf 79' lang='lat'>24</span> <span class='ocrx_word' id='word_1_274' title='bbox 1228 3838 1263 3888; x_wconf 74' lang='lat'>53</span> <span class='ocrx_word' id='word_1_275' title='bbox 1290 3834 1385 3889; x_wconf 62' lang='lat' dir='ltr'>faeere</span> 
     </span>
    </p>
   </div>
   <div class='ocr_carea' id='block_1_7' title="bbox 167 3905 1385 4363">
    <p class='ocr_par' dir='ltr' id='par_1_8' title="bbox 167 3905 1385 4340">
     <span class='ocr_line' id='line_1_37' title="bbox 169 3905 1385 3990; baseline 0.007 -21"><span class='ocrx_word' id='word_1_276' title='bbox 169 3910 287 3969; x_wconf 89' lang='lat' dir='ltr'>truppen</span> <span class='ocrx_word' id='word_1_277' title='bbox 300 3912 566 3972; x_wconf 87' lang='lat' dir='ltr'>zusammensetzte‚</span> <span class='ocrx_word' id='word_1_278' title='bbox 573 3905 652 3957; x_wconf 87' lang='lat' dir='ltr'>stand</span> <span class='ocrx_word' id='word_1_279' title='bbox 665 3913 747 3959; x_wconf 66' lang='lat' dir='ltr'>”nter</span> <span class='ocrx_word' id='word_1_280' title='bbox 800 3922 998 3990; x_wconf 89' lang='lat' dir='ltr'>admonebant,</span> <span class='ocrx_word' id='word_1_281' title='bbox 1025 3923 1385 3977; x_wconf 79' lang='lat' dir='ltr'>thnlichc.19.8.exce·</span> 
     </span>
     <span class='ocr_line' id='line_1_38' title="bbox 168 3989 1180 4077; baseline 0.008 -35"><span class='ocrx_word' id='word_1_282' title='bbox 168 3989 227 4061; x_wconf 88' lang='lat' dir='ltr'>dem</span> <span class='ocrx_word' id='word_1_283' title='bbox 244 3989 341 4045; x_wconf 85' lang='lat' dir='ltr'>Belebl</span> <span class='ocrx_word' id='word_1_284' title='bbox 359 3992 434 4046; x_wconf 87' lang='lat' dir='ltr'>eines</span> <span class='ocrx_word' id='word_1_285' title='bbox 454 3992 608 4046; x_wconf 87' lang='lat' dir='ltr'>riimischen</span> <span class='ocrx_word' id='word_1_286' title='bbox 616 3991 745 4047; x_wconf 88' lang='lat' dir='ltr'>Beiehls·</span> <span class='ocrx_word' id='word_1_287' title='bbox 801 4011 919 4066; x_wconf 87' lang='lat' dir='ltr'>dere..</span> <span class='ocrx_word' id='word_1_288' title='bbox 940 4011 1054 4077; x_wconf 57' lang='lat' dir='ltr'>potus,</span> <span class='ocrx_word' id='word_1_289' title='bbox 1072 4010 1180 4066; x_wconf 61' lang='lat' dir='ltr'>adduci</span> 
     </span>
     <span class='ocr_line' id='line_1_39' title="bbox 167 4056 1385 4163; baseline 0.008 -34"><span class='ocrx_word' id='word_1_290' title='bbox 167 4056 894 4153; x_wconf 77' lang='lat' dir='ltr'>babere,wahrenddieUnterabteilun-13</span> <span class='ocrx_word' id='word_1_291' title='bbox 923 4103 946 4151; x_wconf 89' lang='lat'>1</span> <span class='ocrx_word' id='word_1_292' title='bbox 974 4098 1053 4151; x_wconf 64' lang='lat' dir='ltr'>Nm,</span> <span class='ocrx_word' id='word_1_293' title='bbox 1064 4098 1197 4150; x_wconf 55' lang='lat' dir='ltr'>magmate</span> <span class='ocrx_word' id='word_1_294' title='bbox 1198 4102 1263 4163; x_wconf 67' lang='lat' dir='ltr'>um</span> <span class='ocrx_word' id='word_1_295' title='bbox 1291 4098 1321 4151; x_wconf 71' lang='lat' dir='ltr'>i„</span> <span class='ocrx_word' id='word_1_296' title='bbox 1338 4100 1385 4157; x_wconf 72' lang='lat' dir='ltr'>jn.</span> 
     </span>
     <span class='ocr_line' id='line_1_40' title="bbox 168 4164 1385 4253; baseline 0.008 -38"><span class='ocrx_word' id='word_1_297' title='bbox 168 4164 750 4237; x_wconf 82' lang='lat' dir='ltr'>genvonheimiscbeanhrernbefehligt</span> <span class='ocrx_word' id='word_1_298' title='bbox 804 4186 964 4239; x_wconf 60' lang='lat' dir='ltr'>transppvep</span> <span class='ocrx_word' id='word_1_299' title='bbox 991 4185 1165 4253; x_wconf 65' lang='lat' dir='ltr'>Bedeuqmg</span> <span class='ocrx_word' id='word_1_300' title='bbox 1194 4184 1229 4239; x_wconf 63' lang='lat' dir='ltr'>cf</span> <span class='ocrx_word' id='word_1_301' title='bbox 1253 4185 1275 4239; x_wconf 90' lang='lat'>1</span> <span class='ocrx_word' id='word_1_302' title='bbox 1301 4188 1344 4240; x_wconf 76' lang='grc'>33</span> <span class='ocrx_word' id='word_1_303' title='bbox 1369 4189 1385 4239; x_wconf 84' lang='lat'><strong>5</strong></span> 
     </span>
     <span class='ocr_line' id='line_1_41' title="bbox 169 4240 1158 4363; baseline 0.005 -43"><span class='ocrx_word' id='word_1_304' title='bbox 169 4249 290 4317; x_wconf 85' lang='lat' dir='ltr'>wurden,</span> <span class='ocrx_word' id='word_1_305' title='bbox 309 4250 343 4303; x_wconf 64' lang='lat' dir='ltr'>cf·</span> <span class='ocrx_word' id='word_1_306' title='bbox 356 4250 405 4305; x_wconf 84' lang='grc' dir='ltr'>ῙῙῙ</span> <span class='ocrx_word' id='word_1_307' title='bbox 419 4255 461 4306; x_wconf 67' lang='grc'>26</span> <span class='ocrx_word' id='word_1_308' title='bbox 483 4253 562 4307; x_wconf 70' lang='grc' dir='ltr'>ῙΝ·</span> <span class='ocrx_word' id='word_1_309' title='bbox 582 4240 623 4309; x_wconf 79' lang='grc' dir='ltr'>ῙῙ</span> <span class='ocrx_word' id='word_1_310' title='bbox 644 4258 668 4363; x_wconf 90' lang='grc'><strong>6</strong></span> <span class='ocrx_word' id='word_1_311' title='bbox 806 4288 859 4340; x_wconf 90' lang='lat' dir='ltr'>qua</span> <span class='ocrx_word' id='word_1_312' title='bbox 878 4272 977 4327; x_wconf 87' lang='lat' dir='ltr'>flumen</span> <span class='ocrx_word' id='word_1_313' title='bbox 995 4273 1158 4327; x_wconf 87' lang='lat' dir='ltr'>intermittit</span> 
     </span>
    </p>
   </div>
   <div class='ocr_carea' id='block_1_8' title="bbox 130 3173 747 3337">
    <p class='ocr_par' dir='ltr' id='par_1_9' title="bbox 130 3173 747 3337">
     <span class='ocr_line' id='line_1_42' title="bbox 130 3173 747 3242; baseline 0 -15"><span class='ocrx_word' id='word_1_314' title='bbox 130 3191 149 3242; x_wconf 64' lang='lat' dir='ltr'>t,</span> <span class='ocrx_word' id='word_1_315' title='bbox 202 3173 245 3227; x_wconf 78' lang='lat'>12.</span> <span class='ocrx_word' id='word_1_316' title='bbox 283 3177 307 3231; x_wconf 82' lang='lat'>2.</span> <span class='ocrx_word' id='word_1_317' title='bbox 326 3174 435 3240; x_wconf 81' lang='lat' dir='ltr'>elicere,</span> <span class='ocrx_word' id='word_1_318' title='bbox 463 3189 514 3228; x_wconf 89' lang='lat' dir='ltr'>aus</span> <span class='ocrx_word' id='word_1_319' title='bbox 537 3175 613 3228; x_wconf 88' lang='lat' dir='ltr'>ihrer</span> <span class='ocrx_word' id='word_1_320' title='bbox 639 3175 747 3229; x_wconf 88' lang='lat' dir='ltr'>sichern</span> 
     </span>
     <span class='ocr_line' id='line_1_43' title="bbox 168 3260 746 3337; baseline 0.002 -23"><span class='ocrx_word' id='word_1_321' title='bbox 168 3260 293 3328; x_wconf 84' lang='lat' dir='ltr'>Stellung</span> <span class='ocrx_word' id='word_1_322' title='bbox 320 3262 348 3314; x_wconf 91' lang='lat' dir='ltr'>in</span> <span class='ocrx_word' id='word_1_323' title='bbox 378 3262 420 3316; x_wconf 77' lang='lat' dir='ltr'>elie</span> <span class='ocrx_word' id='word_1_324' title='bbox 448 3262 528 3337; x_wconf 77' lang='lat' dir='ltr'>Ndhe</span> <span class='ocrx_word' id='word_1_325' title='bbox 559 3262 607 3315; x_wconf 89' lang='lat' dir='ltr'>des</span> <span class='ocrx_word' id='word_1_326' title='bbox 635 3263 746 3317; x_wconf 89' lang='lat' dir='ltr'>Hinter·</span> 
     </span>
    </p>
   </div>
   <div class='ocr_carea' id='block_1_9' title="bbox 0 0 1478 4750">
    <p class='ocr_par' dir='ltr' id='par_1_10' title="bbox 0 0 1478 4750">
     <span class='ocr_line' id='line_1_44' title="bbox 0 0 1478 4750; baseline 0 0"><span class='ocrx_word' id='word_1_327' title='bbox 0 0 1478 4750; x_wconf 95' lang='lat' dir='ltr'> </span> 
     </span>
    </p>
   </div>
  </div>
 </body>
</html>
