2934 4750
158 179 179 238 4
633 189 674 243 De
693 189 765 243 bello
785 189 900 244 Gallico.

177 330 335 396 sadiecta
356 329 501 412 planicie,
526 329 690 396 altissimis
713 330 873 396 montibus
896 331 1035 412 undique
1059 333 1246 397 continetur.
1293 331 1374 398 Cum

212 437 262 502 hic
290 438 322 501 in
349 437 429 500 duas
460 441 567 518 partes
597 433 725 502 flumine
757 436 959 515 divideretur,
993 437 1126 502 alteram
1158 447 1283 521 partem
1307 439 1375 502 eius

211 543 273 608 vici
295 541 397 607 Gallis
426 541 467 605 ad
494 541 696 606 hiemandum
728 542 891 620 concessit,
924 542 1058 608 alteram
1089 562 1221 608 vacuam
1254 545 1294 608 ah
1325 543 1375 609 his

211 648 352 714 relictam
382 646 566 712 cohortibus
592 647 748 711 attribuit.
794 645 876 711 Eum
900 647 1004 712 locum
1028 646 1111 712 vallo
1134 647 1281 730 fossaque
1305 667 1374 713 mu·

211 756 298 820 nivit.

178 895 192 941 1
301 883 330 944 2.
355 875 436 942 Gum
452 877 518 941 dies
534 874 738 955 hibernorum
753 874 930 957 complures
946 877 1144 956 transissent,
1167 875 1373 942 frumentum·

210 1003 271 1067 que
301 1003 337 1049 eo
365 982 556 1063 comportari
585 979 745 1059 iussisset,
784 979 889 1044 subito
920 1000 978 1061 per
1008 981 1224 1064 exploratores
1256 981 1374 1047 certior

210 1091 313 1156 factus
340 1094 399 1168 est,
431 1107 469 1152 ex
498 1105 537 1152 ea
558 1090 650 1167 parte
674 1087 744 1167 vici,
779 1104 873 1167 quam
898 1085 998 1152 Gallis
1023 1094 1232 1164 concesserat,
1265 1103 1373 1151 omnes

209 1203 307 1262 noctu
330 1194 523 1271 discessisse,
546 1196 742 1274 montesque,
767 1191 821 1273 qui
843 1192 1069 1276 impenderent,
1094 1213 1113 1258 a
1136 1194 1272 1258 maxima
1292 1191 1373 1256 mul-

174 1302 345 1371 atitudine
359 1299 557 1366 Sedunorum
581 1305 613 1363 et
628 1298 842 1380 Veragrorum
868 1299 977 1364 teneri.
1002 1299 1039 1364 Id
1061 1299 1182 1379 aliquot
1205 1299 1243 1363 de
1268 1300 1373 1365 causis

210 1408 378 1486 acciderat,
401 1412 438 1470 ut
460 1405 565 1470 subito
582 1402 666 1469 Galli
687 1403 763 1468 belli
785 1404 958 1469 renovandi
980 1403 1175 1486 legionisque
1195 1406 1372 1488 opprimen-

175 1517 272 1584 sdae
298 1512 463 1580 consilium
493 1515 662 1594 caperent:
693 1511 840 1592 primum,
874 1511 958 1592 quod
982 1511 1146 1592 legionem,
1176 1529 1279 1593 neque
1302 1530 1370 1576 eam

211 1621 426 1704 plenissimam
457 1618 610 1682 detractis
639 1616 820 1681 cohortibus
853 1615 977 1682 duabus
1009 1623 1042 1681 et
1074 1615 1288 1698 compluribus
1311 1617 1372 1682 siu·

210 1724 354 1807 gillatim,
385 1725 438 1806 qui
468 1728 662 1788 commeatus
693 1721 823 1804 petendi
855 1741 952 1788 causa
982 1723 1071 1790 missi
1102 1730 1209 1802 erent,
1242 1729 1371 1806 propter

175 1831 404 1914 opaucitatem
427 1828 661 1913 despiciebant3
690 1834 759 1893 tum
783 1829 888 1910 etiam,
912 1830 996 1910 quod
1019 1834 1149 1911 propter
1171 1828 1370 1910 iniquitatem

210 1937 279 2015 loci,
304 1955 377 2004 cum
398 1935 460 2018 ipsi
482 1954 520 2001 en
542 1934 701 1999 montibus
723 1935 757 2000 in
780 1932 894 1999 vallem
918 1935 1123 2000 decurrerent
1145 1942 1179 2001 et
1201 1933 1269 2000 tela
1289 1935 1372 1999 coni·

211 2048 327 2121 cerent,
357 2060 397 2106 ne
427 2041 563 2124 primum
593 2040 719 2122 quidem
743 2057 836 2122 posse
858 2041 1009 2122 impetum
1033 2058 1125 2105 suum
1148 2041 1298 2106 sustineri
1320 2060 1372 2106 ex-

175 2149 403 2216 sistimcbant.
439 2146 626 2222 Accedebat,
649 2146 734 2228 quod
757 2163 831 2210 suos
855 2146 895 2211 ah
919 2165 953 2210 se
975 2145 1092 2212 liberos
1115 2145 1294 2212 abstractos
1319 2147 1372 2212 oh·

211 2254 314 2320 sidum
336 2253 463 2318 nomine
484 2251 633 2341 dolebant
654 2256 687 2316 et
702 2252 860 2318 Romanos
884 2269 945 2315 non
970 2250 1071 2316 solum
1094 2252 1242 2317 itinerum
1267 2271 1370 2331 causa,

209 2359 268 2425 sed
300 2359 398 2424 etiam
432 2364 608 2441 perpetuae
642 2357 850 2439 possessionis
887 2355 1024 2423 culmina
1054 2356 1182 2440 Alpium
1218 2377 1372 2441 occupare

210 2467 318 2532 conari
340 2471 373 2531 et
395 2483 433 2528 ea
455 2464 526 2530 loca
547 2462 682 2530 finitima
703 2464 884 2545 provinciae
908 2465 1081 2547 adiungere
1104 2465 1163 2530 sibi
1186 2483 1371 2547 persuasum

209 2571 379 2637 habebant.

156 2855 191 2891 nu
203 2837 226 2895 1.
239 2839 264 2891 6.
278 2840 302 2891 1.
321 2864 354 2873 -
372 2834 528 2889 continetur
547 2832 630 2902 „wird
646 2833 735 2902 rings·
789 2846 860 2899 ganz
878 2831 1027 2899 rouzahlig
1041 2834 1122 2899 aar“,
1141 2833 1206 2887 heht
1224 2831 1273 2887 das
1292 2832 1372 2889 attri-

156 2943 200 2980 um
223 2924 475 2992 eingeschlosssn“,
500 2921 593 2992 haufig
610 2939 664 2977 ron
682 2924 736 2977 Lo·
789 2918 883 2974 hutire
913 2918 977 2987 Adj.
1007 2919 1191 2987 plenissimam
1221 2920 1258 2975 im
1289 2933 1372 2989 nega·

155 3011 532 3069 kalittten.cf.zul.1.h‚
789 3009 864 3063 tiven
894 3007 978 3065 Sinus
1008 3008 1237 3065 naehdrucmvoll
1265 3009 1372 3063 herror.

191 3123 217 3176 5·
239 3118 361 3185 flumine,
381 3118 424 3173 (150
444 3120 562 3184 nme,
581 3119 626 3172 05„
646 3117 736 3172 pium.
790 3096 901 3152 Schultz
917 3098 977 3151 238.
999 3101 1020 3153 l.
1046 3095 1166 3165 Seyffert
1178 3100 1238 3151 221.
1251 3098 1332 3151 Anna
1345 3102 1371 3151 2.

155 3203 317 3262 pemqusg
335 3205 385 3261 der
402 3206 511 3260 phone,
790 3214 824 3227 ·-
839 3184 1001 3253 qudota'm
1020 3184 1079 3237 scil.
1095 3184 1237 3251 detractis,
1257 3185 1371 3252 simeln,

789 3274 867 3327 nieht
885 3274 911 3327 in
931 3270 1131 3341 verbundenen,
1155 3273 1371 3341 geschlossenen

143 3352 169 3379 ¹*
190 3347 220 3401 2.
258 3351 282 3401 1.
301 3344 346 3399 Eo
364 3346 423 3401 scil.
442 3347 471 3400 in
489 3347 586 3400 vicum.
601 3375 635 3385 -
655 3359 737 3415 quom
789 3362 982 3431 Abqequngen,

157 3434 246 3489 Gallae
264 3438 439 3488 concesserat.
473 3432 531 3487 Der
550 3433 636 3487 Iudic.
655 3433 737 3501 zeigt,
825 3456 850 3505 4,
875 3465 935 3504 cum
954 3489 961 3504 ‚
981 3489 987 3502 ‚
1006 3490 1013 3502 ,
1033 3448 1217 3516 decurrerent,
1243 3451 1278 3505 im
1301 3456 1370 3506 tem.

156 3523 216 3577 dala
241 3522 289 3578 der
307 3520 479 3576 Relativsatz
502 3521 579 3575 nicht
599 3538 662 3575 zum
684 3520 736 3575 Be·
789 3534 904 3607 pompe„
925 3536 1008 3591 sinn,
1028 3537 1147 3606 ΝθιωιιΙ

154 3612 226 3665 richt
258 3611 307 3664 der
336 3610 735 3679 Rekognoszierungstruppen
825 3645 851 3697 ὅ.
869 3642 1030 3709 Accedebat,
1050 3642 1123 3711 quod
1137 3650 1187 3699 eto,
1206 3642 1304 3699 Diem
1317 3660 1369 3701 von

154 3699 264 3769 gehblls
286 3698 404 3753 ⁸⁰¹¹d⁰¹¹¹
423 3715 475 3752 nur
493 3699 539 3753 ein
557 3698 736 3753 erkmfender
790 3730 818 3786 O.
832 3731 1001 3786 schlielslich
1013 3732 1083 3786 noch
1098 3731 1236 3787 erathnte
1247 3733 1371 3787 Moment

154 3788 257 3843 Zusata
276 3786 325 3841 des
344 3785 558 3841 Schriftatellers
577 3788 622 3853 iat,
647 3786 681 3840 ci,
700 3803 735 3841 zu
788 3820 1297 3889 wdehorn&derflaupqgfflnqw
1304 3820 1368 3874 Em.

155 3877 235 3931 114·
255 3879 295 3930 10·
788 3908 1201 3977 porung.-euosaselcheroa.
1222 3909 1314 3963 Durch
1324 3908 1370 3962 die

191 3984 215 4036 2
234 3988 284 4038 tlt·
304 4024 311 4039 ·
331 3984 489 4048 ,caperent
508 3980 734 4048 ellfflssssilwhel
789 3997 914 4065 Stellnng
931 3998 999 4053 wird
1015 4012 1080 4051 suos
1093 3997 1245 4052 besonders
1258 3997 1369 4051 hervor-

154 4068 229 4134 Sata,
256 4068 375 4123 welcher
399 4068 449 4121 das
467 4066 688 4135 voramgehende
706 4067 734 4123 id
788 4085 923 4153 gehoben,
942 4115 975 4125 -
994 4084 1150 4153 adstrepere,
1170 4084 1304 4139 ehenfalls
1321 4085 1369 4139 ab·

153 4157 271 4211 erkltrt.
290 4156 324 4212 cf.
342 4173 377 4211 zu
395 4156 415 4210 1.
435 4159 459 4210 h.
481 4161 504 4211 1.
788 4173 890 4242 hangig
915 4189 966 4227 von
994 4174 1097 4229 conari.
1125 4200 1159 4211 -
1186 4172 1240 4226 sihi
1263 4173 1301 4227 ist
1321 4174 1369 4225 mit

190 4268 215 4319 3.
233 4278 317 4331 acque
335 4278 393 4317 eam
411 4262 532 4333 ,welche
550 4261 640 4316 aumal
657 4261 734 4316 nicht
787 4260 939 4330 adiungere
956 4278 991 4315 zu
1010 4260 1168 4318 verbinden.
