2934 4750
169 174 209 234 22
640 188 681 242 Da
699 187 771 243 ballo
791 188 905 246 Gallico.

218 328 268 394 his
283 329 481 393 Adiatunnus
503 328 702 410 eruptionem
724 327 831 396 lacere
854 337 994 409 conatus,
1018 330 1158 397 clamore
1177 331 1218 396 ab
1234 349 1272 394 ee
1288 338 1382 414 parte

219 435 400 498 munitionis
426 433 561 511 sublato,
593 452 661 499 cum
693 435 734 500 ad
763 454 852 500 arma
881 435 999 500 milites
1031 437 1265 503 concurrissent
1288 434 1382 500 vehe-
1465 483 1466 518 3

219 545 405 620 mentesque
427 540 472 604 ibi
494 550 669 621 pugnatum
693 548 788 620 esset,
811 541 957 622 repulsus
980 541 1014 605 in
1029 542 1179 624 oppidum
1194 547 1312 620 tamen,
1334 541 1381 605 uti
1465 555 1466 622 j

219 644 328 710 eadem
352 644 522 710 deditionis
545 645 731 711 condicione
756 652 911 727 uteretur,
935 646 976 712 ab
999 644 1114 714 Crasso
1136 646 1335 729 impetravit.v

185 764 199 812 1
308 755 359 815 23.
381 751 487 815 Armis
511 751 737 833 obsidibusque
761 753 900 834 acceptis
915 751 1050 819 Crassus
1070 753 1103 818 iu
1119 751 1196 817 fines
1213 753 1381 818 Vocatium

184 862 252 922 aet
266 856 467 934 Tarusatium
491 856 651 938 profectus
674 862 733 924 est.
771 857 851 922 Tum
875 876 950 923 vero
973 857 1102 923 barbari
1116 858 1272 938 commoti,
1297 856 1382 939 quod

218 961 370 1044 oppidum
393 968 427 1026 et
448 971 565 1027 natura
587 962 647 1027 loci
670 972 704 1027 et
726 981 821 1028 manu
844 964 999 1030 munitum
1023 965 1133 1046 paucis
1156 963 1276 1042 diebus,
1314 963 1382 1044 qui-

219 1068 278 1132 bus
301 1087 339 1133 eo
362 1075 490 1132 ventum
514 1075 594 1147 erat,
626 1075 839 1150 expugnatum
865 1075 1089 1150 cognoverant,
1113 1069 1233 1148 legatos
1256 1086 1383 1152 quoquc

218 1192 345 1238 versum
373 1173 548 1252 dimittere,
584 1175 765 1252 coniurare,
803 1173 928 1239 obsides
962 1175 1045 1239 iuter
1080 1193 1114 1240 se
1150 1175 1236 1254 dare,
1273 1174 1384 1256 copias

184 1289 334 1360 aparare
365 1284 547 1360 coeperunt.
592 1279 766 1344 Mittuntur
799 1280 894 1344 etiam
929 1279 970 1343 ad
1005 1297 1059 1344 eas
1092 1280 1238 1346 civitates
1273 1279 1383 1362 legati,

218 1401 300 1464 quae
319 1389 395 1448 sunt
410 1383 565 1449 citerioris
581 1383 755 1466 Hispaniae
770 1382 931 1450 finitumae
949 1386 1152 1466 Aquitaniae:
1176 1385 1250 1449 inde
1266 1383 1382 1449 auxilie

183 1490 378 1571 educesque
404 1497 618 1556 arcessuntur.
665 1490 806 1568 Quorum
835 1491 974 1555 adventu
1003 1508 1118 1572 magna
1149 1510 1219 1556 cum
1244 1489 1383 1554 auctori-

219 1601 286 1659 tate
309 1602 342 1660 et
364 1613 480 1676 magna
503 1593 573 1661 cum
596 1594 758 1660 hominum
782 1596 984 1660 multitudine
1005 1595 1124 1660 bellum
1139 1614 1250 1678 gerere
1267 1613 1382 1660 conan-

184 1706 281 1768 ntur.
328 1700 431 1765 Duces
463 1719 537 1766 vero
567 1701 589 1765 ii
621 1701 818 1782 deliguntur,
842 1701 896 1782 qui
919 1719 983 1765 una
1007 1720 1076 1765 cum
1101 1700 1217 1778 Quinto
1241 1700 1382 1766 Sertorio

219 1822 328 1871 omues
351 1823 450 1870 annos
472 1803 599 1870 inerant
621 1824 839 1889 summamque
862 1807 1024 1872 scientiam
1041 1807 1086 1870 rei
1102 1806 1249 1871 militaris
1263 1805 1383 1871 habere

184 1910 491 1976 oexistimabantur.
537 1910 578 1976 Hi
609 1912 837 1977 consuetudine
859 1911 975 1994 'populi
998 1911 1132 1978 Romani
1160 1911 1230 1978 loca
1258 1929 1381 1994 capere,

128 2041 130 2045 ·
220 2023 329 2083 castra
362 2017 501 2097 munire,
535 2019 764 2084 commeatibus
799 2023 925 2084 nostros
959 2016 1170 2083 intercludere
1200 2019 1381 2084 instituunt.

185 2133 202 2184 7
220 2122 312 2200 Quod
335 2121 388 2186 ubi
404 2121 538 2188 Crassus
557 2124 793 2202 animadvertit,
816 2143 890 2189 suas
908 2125 1014 2205 copias
1031 2134 1161 2206 propter
1175 2124 1379 2204 exiguitatem

220 2247 284 2293 non
306 2227 399 2294 facile
423 2228 538 2309 diduci,
562 2229 685 2294 hostem
708 2235 741 2294 et
762 2230 874 2312 uagari
897 2231 1020 2296 etuias
1043 2229 1188 2296 obsidere
1212 2236 1245 2295 et
1269 2228 1381 2296 eastris

166 2404 217 2458 mit
247 2403 307 2459 dem
338 2402 388 2460 lui.
418 2403 588 2467 verbunden;
625 2404 747 2459 dieselbe
778 2404 891 2460 ·dieaer
909 2404 1081 2474 Badeutung,
1101 2422 1179 2460 wenn
1198 2406 1242 2459 ein
1261 2405 1380 2460 Relatis·

166 2491 332 2546 Koustrulrt.
350 2491 484 2559 (Hirtius)
503 2492 548 2546 lib.
565 2492 640 2547 Vlll.
660 2498 746 2550 15.1.
800 2501 858 2547 sata
876 2492 956 2562 folgt.
974 2493 1008 2548 cf.
1027 2494 1073 2547 lV.
1094 2496 1134 2547 18.
1156 2498 1179 2549 1.
1199 2493 1231 2548 V.
1252 2497 1294 2549 26.
1316 2496 1337 2546 l.

201 2583 228 2635 4.
251 2594 311 2633 oum
333 2580 376 2634 loia
400 2581 495 2635 nimmt
519 2581 589 2636 nach
607 2581 667 2635 dem
687 2581 746 2635 lin·
835 2586 860 2637 3.
874 2580 1009 2635 citerioris
1026 2580 1380 2651 Hropaniec=llispaniae

165 2684 252 2737 geren
269 2668 491 2725 Zwiachensatze
510 2670 560 2724 das
578 2669 746 2725 entierntera
799 2670 1031 2738 Tarraconensis,
1068 2669 1204 2723 auischen
1234 2669 1379 2739 Pyrendan

167 2773 228 2811 cum
249 2758 296 2813 Dc
314 2757 420 2813 devotis
439 2758 541 2813 wieder
558 2758 610 2813 aul
625 2756 745 2826 (Epante-
799 2757 855 2813 und
875 2758 958 2811 libro.

166 2845 271 2913 lepais).
289 2874 324 2886 ·-
342 2847 662 2914 conaret...repu1ouo.
692 2848 747 2902 Dus
835 2849 861 2900 4.
888 2845 1010 2914 Quorum
1032 2844 1153 2899 adventu
1182 2844 1271 2913 „nach
1296 2843 1376 2898 deren

166 2933 747 3005 Partie.conjunctconatuaistdemiolgcn·
800 2933 953 3001 Aukuuit“,·
988 2933 1125 3002 temporal
1161 2932 1218 2986 und
1254 2928 1378 3000 ungleicln

166 3020 747 3090 denPartio.repulsuauntergeordnet3ea
800 3022 907 3079 lrausal.
935 3050 969 3061 -
996 3036 1097 3089 magro
1125 3034 1186 3073 cum
1215 3019 1380 3074 auctoritate

165 3106 253 3163 findet
271 3108 403 3164 demnach
422 3110 556 3165 zuiachen
574 3110 627 3165 den
647 3112 747 3169 Partic.
802 3111 869 3180 „mit
886 3110 1005 3177 grossam
1024 3108 1217 3163 Nachdruelr“.

166 3197 212 3251 ein
238 3196 381 3252 ahnlichea
406 3198 567 3253 Vcrhaltnia
595 3206 677 3266 otatt,
704 3199 747 3254 ala
836 3202 861 3253 d.
886 3197 935 3265 qui
958 3213 1016 3251 torro
1033 3212 1093 3251 cum
1113 3196 1165 3267 Qu.
1181 3195 1306 3251 Sertorio
1319 3202 1378 3257 ete,

166 3300 190 3342 e.
213 3288 257 3340 20.
283 3290 297 3338 l
321 3286 458 3342 arrisehen
483 3287 536 3342 den
558 3288 746 3348 Nebeusdtzen
799 3285 902 3341 welche
938 3286 974 3339 im
1011 3286 1245 3341 sertorianischen
1279 3284 1377 3348 Kriege

166 3387 229 3427 eum
243 3376 414 3440 pervenisset
427 3374 555 3429 und'cnm
566 3374 746 3444 intellegeret.
800 3376 918 3441 (80-72
936 3390 960 3427 r.
979 3372 1055 3439 Chr.)
1077 3374 1105 3427 in
1130 3373 1249 3442 Spanien
1269 3373 1378 3438 Kriegs·

145 3482 168 3500 ·
201 3458 249 3516 23.
286 3464 310 3515 1.
342 3459 482 3515 Voedtiron
503 3467 528 3517 ct
559 3461 745 3529 Tarusatium,
800 3462 908 3517 dieuste
927 3462 1031 3529 gethan
1049 3460 1152 3516 hatten.
1179 3490 1208 3501 -
1239 3472 1377 3515 summam·

166 3548 357 3615 aquitanioohe
375 3549 614 3619 Volkerschaften,
639 3562 746 3607 eratere
800 3565 858 3618 qua.
877 3536 952 3604 Uber
971 3564 1023 3617 que
1041 3548 1074 3603 ci.
1092 3566 1128 3604 nu
1147 3566 1170 3605 c.
1191 3553 1232 3605 19.
1253 3556 1278 3604 1.

165 3651 211 3691 am
229 3643 346 3691 unterau
364 3637 438 3692 Laui
453 3638 503 3693 der
520 3638 658 3707 Garonno,
677 3640 746 3695 leta·
835 3641 860 3693 6.
879 3637 1072 3691 consectudtnc
1091 3638 1125 3693 cf.
1145 3639 1165 3694 1.
1178 3642 1251 3695 524
1270 3653 1304 3693 ox
1318 3650 1377 3691 con·

166 3732 226 3780 tere
243 3740 288 3779 am
306 3725 412 3783 Adour.
801 3725 946 3781 suetudine
970 3740 1028 3784 rua.
1051 3754 1085 3766 -
1111 3726 1173 3780 loeo
1195 3740 1292 3794 capere
1317 3738 1374 3793 ,ge-

202 3814 227 3866 2.
241 3814 341 3881 mucia
360 3814 463 3881 didm,
481 3815 581 3884 quoda
598 3839 634 3861 =
651 3818 746 3884 paucis
801 3815 910 3883 cignete
927 3812 1087 3882 Stellungen
1106 3813 1239 3869 wthlen“.
1258 3841 1292 3853 -
1310 3825 1378 3865 eom·

166 3900 264 3956 diebus
274 3909 427 3971 postquam.
444 3902 575 3961 DerAbl.
586 3905 748 3961 bezeichnet
799 3898 1377 3957 matiboanodroor'atercludereatem

166 3988 243 4044 nicht
261 4005 316 4045 nur
334 3991 379 4046 die
396 3992 475 4060 Zeit,
502 3992 646 4047 innerhalb
666 3994 749 4049 deren
801 4000 955 4045 commeatu
973 3991 1132 4045 intercluso.

166 4083 253 4131 etwas
277 4079 432 4147 geschieht,
458 4080 578 4135 sondern
601 4081 672 4137 anolo
695 4080 749 4137 den
837 4082 861 4134 7.
881 4077 962 4147 Quod
978 4078 1046 4133 wind
1066 4078 1150 4133 durch
1170 4077 1215 4133 die
1234 4072 1377 4144 folgenden

164 4163 318 4234 Endpunlrt
331 4166 484 4224 deu-selben.
502 4168 538 4226 ef.
549 4168 575 4223 b.
587 4184 611 4225 c.
624 4168 660 4227 11.
671 4172 749 4224 ant.
801 4166 1031 4235 epexegetioclten
1050 4166 1131 4219 Sitne
1149 4167 1185 4220 im
1202 4169 1267 4223 acc.
1285 4180 1307 4217 c
1326 4154 1374 4212 lnf·

164 4254 364 4310 Vornehmlich
390 4254 476 4311 findet
493 4255 552 4311 sich
572 4255 621 4310 der
639 4255 702 4315 ΔΜ.
721 4256 750 4309 in
801 4254 889 4311 nither
907 4256 1022 4313 erklart.
1041 4254 1074 4309 cf.
1092 4271 1127 4308 au
1145 4254 1166 4309 1.
1185 4256 1209 4310 ὅ.
1230 4258 1253 4309 1.
1278 4279 1308 4289 -
1335 4244 1376 4299 ἀί·
