2934 4750
562 214 662 272 Comm.
682 214 862 273 V1.26-29.
1277 205 1317 264 75

102 375 207 438 neque
230 357 348 422 bomini
371 374 472 438 noque
494 355 589 436 ferae,
612 375 709 438 quam
732 362 973 439 conspexerunt,
1003 362 1150 440 parcunt.
1195 358 1262 424 Hos
1281 367 1297 419 3

102 463 244 528 studiose
266 461 364 528 foveis
387 470 495 544 captos
517 461 720 530 interficiunt.
765 463 835 528 Hoc
857 481 892 528 se
915 463 1023 528 labore
1046 462 1162 528 durant
1185 462 1262 528 adu·

101 567 260 633 lescentes
282 573 379 650 atque
403 568 461 634 boc
476 588 592 651 genere
607 569 784 635 venationis
800 576 955 647 exercent,
981 574 1013 634 et
1036 569 1090 650 qui
1110 568 1262 649 plurimos

101 693 143 738 ex
164 674 214 738 bis
236 673 478 756 iuterfecerunt,
508 675 619 740 relatis
648 677 681 740 iu
709 675 869 756 publicum
901 674 1062 754 cornibus,
1090 693 1171 756 quae
1198 675 1262 738 sint

100 780 294 857 testimonio,
319 799 462 862 magnam
478 779 585 847 terunt
601 781 736 846 laudem.
776 781 838 846 Sed
858 781 1047 846 adsuescere
1062 780 1103 844 ad
1118 780 1261 844 homines
1279 792 1298 842 4
1334 837 1341 857 ,

100 890 136 950 et
158 885 360 952 mansuefieri
381 905 421 951 no
444 887 568 969 parvuli
590 887 716 969 quidem
740 888 864 972 excepti
887 893 1028 970 possunt.
1080 885 1260 968 Amplitudo
1279 897 1297 948 5

100 1007 255 1056 somnum
277 998 311 1057 et
333 989 436 1074 figura
460 999 492 1058 et
515 993 638 1074 species
666 992 800 1057 multum
830 1000 1050 1058 anostrorum
1073 992 1168 1057 boum
1192 1008 1260 1056 cor·

99 1096 194 1162 nibus
216 1095 330 1164 differt.
381 1097 469 1164 Haeo
496 1099 639 1164 studiose
662 1098 841 1179 conquisita
864 1098 904 1163 ab
928 1097 1025 1163 labris
1047 1103 1178 1178 argento
1201 1096 1298 1162 cir-e

100 1202 308 1269 oumcludunt
329 1212 427 1286 atque
449 1205 481 1269 in
505 1204 710 1286 amplissimis
733 1204 836 1285 epulis
857 1222 914 1285 pro
938 1203 1059 1285 poculis
1081 1207 1223 1268 utuntur.

189 1313 242 1375 29.
295 1307 430 1390 Caesar,
459 1316 627 1392 postquam
654 1328 712 1391 per
735 1309 834 1375 Ubios
862 1309 1079 1391 exploratores
1108 1307 1292 1389 comperitl

98 1411 221 1478 Suebos
254 1432 325 1480 sese
355 1416 389 1480 io
423 1415 520 1480 silvas
550 1415 728 1497 recepisse,
767 1416 905 1496 inopiam
930 1413 1091 1510 ¹frumenti
1127 1415 1259 1492 veritus,

98 1519 202 1599 quod,
235 1526 273 1585 ut
310 1539 409 1602 supra
440 1521 740 1600 demonstravimus,
772 1521 899 1586 minime
931 1519 1074 1586 homines
1109 1519 1259 1584 Germani

99 1624 314 1706 agriculturae
337 1625 476 1705 student,
507 1626 671 1692 constituit
693 1643 757 1692 non
780 1625 930 1707 progredi
952 1625 1092 1707 longius;
1120 1625 1190 1704 sed,
1218 1637 1296 1688 nea
1342 1657 1345 1664 ,

98 1730 227 1795 omuino
254 1736 373 1796 metum
401 1732 521 1796 reditus
550 1731 599 1796 sui
631 1731 776 1796 barbaris
804 1730 932 1796 tolleret
960 1737 1056 1811 atque
1085 1737 1257 1796 uteorum
1374 1749 1376 1752 ·

98 1836 225 1900 auxilio·
239 1836 392 1916 tardaret,
414 1837 548 1904 redacto
572 1838 714 1903 exercitu
738 1843 861 1918 partem
877 1836 1020 1901 ultimam
1038 1837 1153 1917 pontis,
1176 1854 1257 1916 quae

100 1940 187 2021 ripas
207 1939 361 2006 Ubiorum
385 1943 598 2025 contingebat,
623 1944 654 2008 in
676 1941 903 2023 longitudinem
920 1942 1035 2023 pedum
1053 1942 1257 2006 ducentorum

102 2045 250 2111 rescindit
272 2053 369 2128 atque
391 2048 424 2112 iu
448 2057 591 2114 extremo
614 2055 710 2130 ponte
734 2047 847 2112 turrim
864 2047 1081 2112 tabulatorum
1106 2052 1257 2128 quattuor
1276 2058 1295 2109 3

101 2151 266 2218 coustituit
301 2153 558 2234 praesidiumque
597 2153 774 2219 cohortium
805 2153 972 2218 duodecim
1006 2152 1111 2234 pontis
1146 2151 1256 2216 tuendi

98 2273 193 2321 causa
220 2258 309 2338 pouit
338 2258 522 2340 magnisque
549 2278 621 2324 eum
655 2258 758 2324 locum
792 2258 1018 2324 munitionibus
1049 2256 1162 2323 firmat.
1218 2256 1256 2321 Ei

96 2362 164 2429 loco
187 2364 406 2446 praesidioque
423 2361 457 2433 C.
484 2363 661 2431 Volcatium
684 2364 810 2431 Tullum
835 2364 1071 2431 adulescentem
1094 2361 1257 2446 praefecit.

95 2468 183 2551 lpse,
213 2488 284 2535 oum
316 2476 529 2537 maturescere
560 2470 720 2537 frumenta
747 2472 935 2554 inciperent,
972 2471 1013 2537 ad
1041 2470 1158 2537 bellum
1183 2472 1292 2533 itm-4

94 2572 225 2656 biorigis
241 2572 400 2656 profectus
417 2594 474 2656 per
489 2576 691 2642 Arduennam
707 2577 831 2656 silvam,
855 2594 936 2657 quae
952 2582 1001 2640 est
1017 2577 1116 2640 totins
1132 2574 1256 2641 Galliae

94 2680 231 2744 maxima
253 2687 349 2761 atque
365 2682 406 2747 ab
428 2682 505 2764 ripis
521 2681 622 2747 Rbeni
637 2681 815 2763 finibusque
831 2681 1041 2747 Treverorum
1065 2681 1106 2746 ad
1123 2680 1255 2746 Nervios

93 2824 201 2830 ---
353 2810 412 2837 -.ι

131 2892 156 2943 3.
176 2888 272 2943 relatis
296 2890 328 2943 iu
348 2891 490 2958 publicum
516 2891 674 2959 „offentliob
763 2894 788 2945 2.
807 2889 899 2957 ripas,
923 2889 966 2944 die
992 2889 1208 2959 Urergegenden,
1233 2890 1268 2946 cl.
1286 2891 1311 2947 Ι.

92 2977 269 3046 vorzeigen“.
728 2983 771 3035 37.
790 2982 806 3033 3
825 2978 860 3033 ad
878 2980 953 3047 ripas
972 2979 1070 3033 Rbeni.

129 3070 156 3124 4·
188 3066 299 3135 millib
326 3069 371 3123 ⁸5¹¹
395 3068 612 3137 ⁸¹⁸3d⁸¹¹⁸d¹⁰⁰k’
639 3069 674 3123 οἱ·
764 3107 788 3158 3.
807 3103 836 3157 in
855 3108 972 3157 extremo
986 3108 1078 3169 ponte,
1097 3119 1140 3157 am
1153 3103 1309 3159 dusserston

93 3153 211 3209 Phaedr-
224 3155 245 3209 ¹·
257 3158 324 3209 ῙῙ·6
343 3164 375 3209 ¹¹²
390 3197 411 3214 ··
430 3156 566 3225 summ
578 3156 674 3225 (fem)
728 3192 807 3246 Eudo
834 3191 883 3246 des
903 3190 1046 3245 Abbrucbs
1070 3190 1119 3245 der
1138 3191 1254 3246 Brdclre.
1273 3221 1307 3231 -

92 3244 153 3311 ipse
171 3244 320 3311 exciperet.

129 3333 154 3384 b.
167 3346 186 3383 o
197 3329 352 3385 nostrorum
365 3332 443 3386 boum
456 3332 593 3399 cormbua,
605 3333 673 3387 dber

95 3418 672 3488 diecomparatiocompendiariaotc.aar.

110 3508 155 3605 ,θ’
175 3507 210 3561 “⁶
227 3506 321 3573 labri*
340 3506 376 3565 cf·
394 3526 418 3563 ⁰·
447 3512 489 3563 27·
508 3512 525 3561 4
547 3509 582 3563 ”b
601 3509 672 3563 'adi‘
726 3544 783 3597 sich
804 3544 888 3603 hatte.
922 3543 1181 3598 Auxiliarlroborten
1200 3545 1306 3599 werden

93 3594 180 3649 ⁰¹b¹¹⁸'
726 3632 798 3685 auch
809 3631 868 3687 VlI.
879 3636 921 3686 65.
938 3634 949 3685 l
963 3632 1156 3686 ausdrliokliob
1169 3634 1308 3696 erwilbntr

265 3703 343 3787 Kap.
368 3703 496 3771 29-43.
726 3719 800 3774 diese
828 3720 939 3775 wardon
967 3737 1018 3774 von
1043 3720 1094 3774 den
1120 3720 1306 3775 rerbiiudeten

93 3821 378 3889 Sohutnmal'sregeln
406 3837 498 3890 gregori
525 3822 571 3879 dle
599 3823 671 3879 Ger.
726 3807 839 3862 Staaten
857 3808 977 3876 gestellt,
1003 3807 1059 3861 und
1077 3806 1182 3862 obwohl
1206 3809 1232 3861 in
1252 3808 1305 3862 Ko-

151 3926 273 3980 maneng
289 3910 445 3977 Raphezug
462 3925 554 3978 808⁰ss
572 3910 619 3967 ,ng
725 3896 823 3949 horten
837 3896 988 3964 eingeteilt,
1011 3896 1107 3950 hatten
1124 3898 1163 3951 sis
1178 3913 1230 3949 nur
1244 3913 1307 3950 zum

296 3998 463 4055 Eburonen,
726 3984 787 4037 Teii
807 3985 943 4038 rbmiscbe
964 3984 1079 4038 Waffen.

727 3280 879 3333 cohortium
909 3279 1062 3345 duodecim,
1102 3278 1159 3333 dies
1196 3286 1309 3335 mdssen

727 3367 989 3421 Auxiliarkohorten
1017 3382 1141 3435 gewesen
1169 3370 1241 3435 sein,
1272 3368 1311 3423 da

126 4104 174 4161 29.
214 4109 237 4160 1.
267 4104 375 4159 Caesar.
420 4105 473 4159 Die
513 4105 672 4174 Erziblung
760 4111 786 4165 4.
803 4108 941 4174 profectus
967 4108 1176 4176 „suibrecheu“.
1197 4137 1230 4147 -
1252 4124 1308 4176 per

90 4193 218 4249 sobliesst
235 4192 396 4260 anKap.10
413 4209 455 4248 an.
475 4223 508 4231 -
526 4209 622 4261 supra,
636 4193 671 4250 oi.
726 4196 907 4249 Arduennam
925 4196 1020 4250 siloam
1047 4197 1145 4265 gebbrt
1169 4214 1202 4250 au
1226 4213 1304 4265 prae·

89 4297 114 4336 o.
132 4284 177 4341 22.
197 4286 222 4335 l.
242 4309 274 4320 -
294 4281 411 4346 minime,
433 4281 512 4349 „sehr
531 4283 641 4349 wenig“.
725 4284 819 4337 mittit.
854 4269 929 4337 Uber
953 4284 1006 4338 den
1030 4284 1247 4339 Ardenuenwnld
1270 4285 1306 4343 of.

726 3457 798 3510 nach
817 3472 839 3510 c.
853 3459 895 3511 33.
911 3462 924 3509 1
945 3456 973 3509 0.
993 3456 1051 3509 sein
1065 3472 1164 3523 ganzes
1178 3456 1251 3511 Hser
1264 3456 1306 3511 boi
1398 3467 1401 3473 ’
