2934 4750
160 164 199 225 10
629 173 671 228 De
688 173 763 227 bello
782 172 897 229 Gallico.

174 323 324 383 anautas
352 317 643 399 gubernatoresque
671 315 848 396 comparari
878 314 977 382 iubet.
1025 315 1082 380 His
1111 317 1206 383 rebus
1229 316 1373 382 celeriter

210 423 449 500 administratis,
480 422 557 503 ipse,
588 439 658 485 oum
687 421 825 503 primum
857 439 914 503 per
945 422 1019 486 anui
1043 427 1168 503 tempus
1193 423 1307 503 potuit,
1331 423 1372 487 ad

173 529 378 594 seuereitum
402 527 574 594 contendit.
611 527 725 593 Veneti
749 526 953 608 reliquaeque
976 528 1051 592 item
1076 527 1221 592 civitates
1245 528 1373 610 cognito

209 632 354 700 Caesaris
376 633 524 713 adventu,
555 631 646 698 simui
671 631 766 713 quod,
794 638 947 713 quantum
970 633 1002 699 in
1026 651 1061 698 se
1083 631 1207 700 facinus
1229 633 1373 699 admisis-

209 747 289 816 sent,
320 739 559 820 intellegebant,
591 739 723 820 legatos,
755 739 840 820 quod
871 757 985 804 nomen
1016 739 1058 803 ad
1088 757 1197 804 omnes
1227 741 1375 806 nationes

209 853 354 911 sanetum
383 844 633 926 inviolatumque
664 861 791 925 semper
820 842 940 924 fuisset,
971 851 1112 910 retentos
1143 846 1246 910 abae
1276 851 1309 909 et
1339 848 1373 912 in

208 951 310 1016 vinela
340 952 511 1030 coniectos,
545 968 599 1032 pro
631 949 849 1031 magnitudine
879 950 1011 1031 periculi
1043 949 1160 1016 beilum
1192 969 1307 1034 parare
1340 957 1375 1016 et

208 1057 344 1122 maxime
371 1075 420 1137 ea,
450 1075 531 1138 quae
561 1054 603 1120 ad
626 1073 717 1121 usum
741 1056 866 1122 navium
889 1057 1057 1136 pertinent,
1093 1057 1259 1139 providere
1283 1057 1375 1120 insti-

208 1167 311 1242 tuunt,
345 1163 406 1228 hoo
435 1164 554 1228 maiore
577 1179 642 1242 spe,
674 1162 757 1242 quod
781 1161 913 1226 multum
938 1167 1054 1228 natura
1077 1163 1138 1228 looi
1162 1160 1373 1230 confidebant.

171 1280 189 1330 4
207 1269 374 1334 Pedestria
389 1287 459 1334 esse
474 1270 589 1333 itinera
605 1269 728 1333 concisa
743 1268 918 1347 aestuariis,
939 1269 1171 1350 navigationem
1188 1269 1374 1352 impeditam

206 1380 337 1457 propter
365 1375 561 1440 inscientiam
595 1372 735 1438 locorum
767 1375 1023 1454 paucitatemque
1045 1381 1194 1454 portuum
1218 1375 1370 1452 sciebant,

172 1491 309 1562 sueque
333 1486 456 1546 nostros
479 1480 633 1545 exereitus
656 1483 785 1559 propter
807 1476 959 1542 frumenti
982 1479 1121 1560 inopiam
1144 1479 1263 1546 diutius
1285 1481 1372 1562 apud

58 1568 70 1590 ’
171 1594 188 1646 6
207 1603 241 1651 se
263 1586 382 1651 morari
404 1602 496 1667 posse
519 1581 733 1662 confidebant,
758 1601 794 1648 ao
809 1583 872 1648 iam
889 1590 925 1648 ut
942 1585 1048 1648 omnia
1064 1591 1175 1650 eontra
1191 1588 1371 1669 opinionem

206 1692 398 1769 acciderent,
422 1696 530 1754 tamen
554 1707 589 1754 se
612 1688 781 1769 plurimum
805 1689 938 1754 navibus
961 1681 1065 1770 posse,
1089 1691 1248 1756 Romanos
1270 1709 1376 1771 neque

206 1797 305 1863 ullam
332 1795 515 1862 facultatem
543 1796 659 1860 habere
691 1795 818 1859 navium
847 1813 948 1877 neque
981 1814 1091 1862 eorum
1122 1796 1280 1876 locorum,
1315 1797 1373 1862 ubi

171 1902 322 1968 7beilum
344 1903 464 1984 gesturi
487 1907 603 1979 esseut,
629 1899 719 1976 vada,
744 1908 866 1980 portus,
893 1901 1014 1966 insulas
1038 1903 1180 1976 norisse3
1213 1902 1371 1985 solonge

206 2009 300 2075 aliam
330 1999 401 2074 e'sse
430 2009 662 2090 navigationem
683 2005 718 2069 in
742 2005 888 2073 eonoluso
912 2008 991 2072 mari
1015 2014 1112 2090 atque
1134 2009 1167 2073 in
1190 2008 1375 2074 vastissimo

170 2126 188 2177 a
206 2122 302 2197 atque
316 2115 516 2195 apertissimo
530 2111 658 2178 Oceano
676 2112 920 2193 perspiciebant.
937 2112 995 2178 His
1007 2113 1095 2177 initis
1107 2112 1243 2178 consiliis
1255 2113 1378 2195 oppidq

170 2232 188 2283 9
206 2221 362 2300 muniunt,
385 2219 546 2284 frumenta
564 2237 603 2283 ex
616 2217 703 2300 agris
718 2218 751 2281 in
767 2217 881 2300 oppida
897 2224 1106 2299 comportant,
1131 2236 1229 2284 naves
1253 2219 1285 2283 in
1310 2219 1375 2284 Ve-

206 2327 333 2406 netiam,
358 2309 413 2391 ubi
428 2323 598 2409 Gaesarem
621 2323 757 2406 primum
781 2339 850 2389 esse
873 2323 989 2389 beilum
1013 2329 1176 2405 gesturum
1194 2324 1374 2405 constabat,

155 2443 188 2494 ro
206 2450 299 2513 quam
322 2432 473 2516 plurimas
496 2435 638 2513 possunt,
662 2435 791 2511 cogunt.
830 2428 939 2495 Socios
963 2430 1024 2495 sibi
1046 2428 1135 2495 adid
1151 2430 1268 2495 bellum
1284 2430 1374 2497 Osis·

205 2556 283 2618 mos,
320 2538 482 2618 Lexouios,
520 2537 705 2613 Namnetes,
730 2533 941 2616 Ambiliatos,
977 2534 1132 2615 Morinos,
1166 2535 1372 2616 Diablintres,

188 2752 214 2805 2.
229 2764 283 2815 per
300 2749 370 2802 onai
388 2754 501 2817 tempos.
526 2747 731 2803 Sofindetsioh
823 2746 848 2799 6.
877 2759 910 2797 ao
936 2743 993 2796 tam
1017 2749 1049 2798 ot
1074 2744 1146 2813 ,und
1163 2750 1281 2815 gesetat,
1310 2744 1373 2799 daia

151 2853 202 2905 per
221 2837 347 2908 „aegest
368 2838 460 2906 haufig
478 2838 529 2892 mit
547 2838 636 2891 einem
648 2838 731 2893 verb,
786 2847 841 2885 nun
859 2831 937 2900 gar‘,
957 2846 988 2886 so
1005 2831 1064 2887 dass
1077 2834 1131 2886 iam
1144 2832 1197 2887 den
1210 2833 1369 2889 tussersten

152 2925 201 2981 des
219 2926 360 2994 Kouaene,
378 2944 423 2981 um
442 2926 485 2981 dis
503 2926 654 2981 aussertich
671 2929 732 2982 wir·
786 2918 1369 2990 humdesskbssressFallV01808011W2rfissi·

151 3014 260 3070 keuden
280 3015 429 3070 Umstdnds
447 3032 481 3069 au
497 3014 674 3070 bezeichnen.
697 3016 731 3071 of.
787 3034 820 3045 -
836 3006 992 3073 facultatem
1005 3008 1140 3077 ,Vorrat“
1158 3008 1226 3067 eta
1241 3012 1283 3067 38.
1297 3012 1321 3064 3.
1336 3038 1367 3049 -

152 3103 213 3159 Vll,
234 3105 275 3157 71.
294 3108 320 3158 2.
786 3093 932 3161 Romam
945 3095 1095 3164 asyndeton
1109 3095 1320 3151 adversativum.
1334 3097 1372 3155 of.

187 3194 213 3245 3.
231 3190 333 3259 lepatoa
351 3233 358 3248 .
377 3236 385 3251 .
402 3198 520 3248 retardor
538 3236 546 3252 .
564 3233 571 3248 .
590 3193 732 3260 conada,
786 3199 820 3237 zu
837 3183 859 3237 1·
882 3186 923 3238 18·
943 3188 967 3237 l·

152 3278 336 3348 expiikatirer
361 3280 426 3335 Sata
449 3298 485 3335 au
509 3288 638 3350 quantum
655 3282 683 3335 in
701 3296 733 3337 ae
822 3275 846 3325 7·
872 3270 904 3323 ¹7⁷²
927 3271 1054 3324 ΝΜΟ
1078 3269 1151 3324 ’Μ’
1174 3271 1231 3329 ⁸01¹·
1256 3274 1284 3327 5¹¹
1308 3271 1370 3326 ‘¹0¹³

152 3366 261 3422 minus
278 3366 464 3426 &dmissimlffi
477 3398 510 3407 -
529 3369 568 3423 ad
581 3384 732 3423 (mmm.
786 3358 1039 3415 mittellstssdiflsshell
1059 3360 1145 3415 Μθθῖ.
1164 3388 1198 3401 ···
1217 3359 1301 3414 auam
1319 3400 1324 3413 ·
1340 3401 1347 3413 .
1363 3400 1370 3414 .

151 3454 240 3509 pm
263 3456 352 3525 ''pop‘’
376 3458 448 3512 ,πῂ
472 3458 516 3512 pei
540 3460 733 3527 pemanqpepen
785 3452 868 3516 atque
885 3447 919 3502 oi.
939 3446 985 3503 IV.
1000 3451 1072 3504 13.5
1089 3456 1188 3504 eontra
1200 3457 1283 3517 atque
1295 3457 1372 3504 esset

151 3543 290 3613 Begriffen
308 3562 359 3600 zur
376 3546 570 3616 Bszeiehuung
587 3547 637 3601 der
654 3546 732 3602 Orts·
785 3535 895 3591 ffissillffl·

151 3632 230 3687 utha.
249 3632 285 3688 oi.
302 3634 351 3688 Vi.
369 3636 411 3689 38.
431 3641 445 3690 1
464 3635 500 3689 ad
518 3634 672 3714 Gaesarem.
699 3666 730 3673 —
821 3645 846 3696 8.
870 3642 926 3696 His
943 3640 1023 3695 initis
1041 3642 1164 3696 consitiis
1188 3642 1222 3698 oi.
1247 3643 1262 3711 ἓ
1290 3646 1306 3699 3
1324 3658 1369 3698 am
1405 3659 1415 3677 ·

150 3719 189 3773 od
202 3736 282 3774 osam
290 3721 403 3775 aonium
415 3739 493 3790 ,zum
503 3722 731 3788 Sehiffsbedard‘3
786 3728 874 3784 Euda.

150 3808 252 3865 auders
276 3825 300 3864 a.
326 3813 367 3865 14.
391 3815 407 3865 7
432 3812 521 3866 omnis
538 3826 606 3867 usus
624 3813 732 3867 narium
822 3818 846 3871 9.
859 3816 1002 3871 ammador
1014 3818 1155 3875 soil.naoh
1167 3818 1369 3876 dardunahme

151 3896 330 3967 (Gabraooh).
787 3903 837 3959 der
857 3904 984 3960 Venator.

185 3989 212 4041 4.
231 3986 506 4044 mmsooeoaoais.
532 3988 611 4043 Bsim
622 3988 733 4044 Eintre·
825 3995 865 4049 10.
885 3991 1070 4049 Osismoseto.
1089 3993 1133 4049 Sia
1146 3996 1294 4051 verbinden
1307 3997 1369 4051 siah

149 4081 198 4129 tan
220 4074 271 4131 dor·
282 4073 349 4130 Flot
360 4076 473 4131 wurden
491 4078 536 4132 die
549 4079 733 4147 detenrrege
787 4082 919 4137 damnaeh
931 4083 981 4137 mit
993 4084 1178 4140 danVolkern
1191 4084 1369 4140 deststen·

150 4162 237 4217 durch
249 4164 299 4219 das
309 4164 507 4235 aiudringende
517 4168 602 4235 Meet,
615 4167 732 4223 welches
787 4170 908 4226 striohes
927 4187 980 4225 ron
999 4171 1048 4226 dar
1060 4172 1204 4241 Mdndung
1222 4172 1271 4228 der
1285 4173 1369 4228 Loire

152 4252 302 4309 Seelaeheu
321 4254 432 4321 bildete,
452 4255 692 4313 durohaohnitten.
786 4259 828 4315 bis
846 4275 897 4313 aur
917 4259 1058 4328 Mdndung
1077 4260 1126 4315 der
1145 4260 1268 4317 Sahelde.
1307 4262 1367 4316 Von
