2934 4750
175 180 220 242 28
326 263 331 275 .
652 195 693 248 De
711 195 784 250 bello
803 195 918 251 Gallico.

193 339 305 416 apost
326 334 359 398 in
382 335 478 400 armis
500 340 584 414 sunt,
607 335 655 400 illi
678 337 763 402 domi
786 344 957 405 remanent.
999 335 1049 404 Sic
1072 357 1174 419 noque
1196 338 1398 420 agricultura
1465 369 1466 372 ¹

193 451 289 504 rnec
318 441 400 506 ratio
427 446 522 522 atque
544 460 620 506 usus
644 443 717 507 belli
741 444 973 511 intermittitur.
1019 443 1082 509 Sed
1104 445 1217 526 privati
1239 463 1280 510 aa
1304 463 1397 527 seps·

231 546 294 610 rati
317 547 386 627 agri
409 548 493 628 apud
517 566 571 613 eos
595 547 671 613 nihil
695 556 754 629 est,
778 569 881 632 neque
904 550 1029 632 lougius
1053 568 1135 616 auno
1151 569 1318 616 remanere
1334 569 1398 616 uno

191 652 263 716 sin
292 651 362 717 loco
391 653 549 718 incolendi
578 672 675 720 cauea
706 654 790 720 licet
836 655 945 737 Neque
975 656 1109 721 multum
1139 655 1308 734 frumento,
1342 657 1397 721 sed

231 758 396 822 maximam
424 765 547 840 partem
574 759 658 825 lecte
685 766 780 842 atque
807 780 922 843 pecore
946 763 1065 841 vivunt,
1098 762 1298 844 multumque
1322 768 1399 828 sunt

192 861 261 926 ein
290 862 523 943 venationibus;
552 883 712 945 quaeres
742 873 775 931 et
804 867 866 931 cibi
894 885 1010 948 genere
1041 871 1073 932 et
1095 867 1256 932 cotidiana
1280 866 1398 932 exerci-

231 967 353 1033 tatione
366 975 400 1033 et
415 968 565 1034 libertate
580 970 676 1050 vitae,
692 989 765 1036 cum
781 990 801 1037 a
816 973 923 1053 pueris
938 971 1024 1038 nullo
1040 970 1141 1038 officio
1156 979 1212 1037 aut
1227 972 1398 1055 disciplina

231 1073 410 1152 assuefacti,
433 1074 659 1140 nihilomnino
683 1082 792 1141 contra
815 1076 1011 1142 voluntatem
1035 1075 1162 1157 faciant,
1187 1081 1219 1143 et
1233 1079 1321 1142 vires
1341 1076 1398 1143 alit

177 1191 213 1241 ro
230 1183 263 1243 et
291 1180 424 1244 immani
452 1199 619 1261 corporum
649 1182 869 1264 magnitudine
900 1183 1041 1249 homines
1073 1181 1179 1249 efficit.
1226 1185 1333 1266 Atque
1364 1183 1397 1247 in

231 1303 301 1351 eam
325 1303 358 1349 se
382 1286 640 1352 consuetudinem
664 1288 873 1368 adduxerunt,
897 1295 933 1354 ut
955 1289 1032 1354 locis
1055 1288 1267 1372 frigidissimis
1292 1306 1396 1370 neque

230 1392 366 1456 vestitus
388 1399 515 1472 praeter
537 1392 629 1474 pellis
652 1393 806 1458 haherent
828 1395 1005 1476 quicquam,
1030 1413 1164 1476 quarum
1187 1401 1323 1477 propter
1345 1413 1396 1459 ex·

231 1496 398 1578 ignitatem
430 1515 544 1578 magna
571 1505 621 1562 est
650 1500 792 1582 corporis
822 1517 895 1581 pars
927 1506 1048 1582 aperta,
1086 1506 1118 1566 et
1148 1500 1337 1566 lavarentur
1363 1499 1396 1562 in

231 1599 420 1668 fluminibus,

198 1719 211 1767 ι
321 1712 349 1775 2.
375 1708 605 1775 Mercatoribus
621 1718 669 1775 est
684 1710 791 1775 aditus
807 1711 907 1791 magis
923 1729 969 1790 eo,
986 1716 1032 1791 ut,
1049 1729 1129 1792 qnae
1144 1709 1227 1776 bello
1241 1711 1394 1792 ceperint,

231 1813 344 1911 quibus
366 1815 514 1893 rendunt,
538 1814 687 1894 habeant,
711 1834 806 1897 quem
830 1834 891 1897 quo
916 1815 1013 1881 ullam
1037 1835 1103 1881 rem
1120 1816 1161 1880 ad
1177 1835 1211 1881 se
1226 1815 1395 1899 importari

179 2058 312 2124 dadureh,
325 2057 385 2113 dass
398 2059 439 2114 sie
449 2059 494 2114 die
503 2049 596 2115 cher
605 2061 655 2116 der
664 2061 760 2129 Krieg·

174 2145 331 2201 fdhronden
345 2147 488 2204 bestellen.
504 2178 535 2186 —
555 2149 592 2214 hi,
606 2149 682 2204 nieht
694 2150 758 2216 alle,

176 2235 281 2289 welche
298 2236 547 2302 zurhehgehliehen
566 2253 671 2302 waren,
697 2252 758 2291 son·

175 2323 246 2378 dern
270 2339 321 2379 von
346 2323 439 2379 diesen
457 2325 500 2379 ein
520 2341 603 2380 nones
622 2325 760 2395 Anfgehot

179 2428 231 2467 von
251 2416 363 2466 100000
384 2414 476 2468 Manu.
506 2445 537 2452 -
565 2414 685 2481 inuicem,
710 2415 756 2469 ab·

176 2499 342 2563 wechselnd,
361 2501 492 2555 einander
508 2502 651 2568 ahlhsend,
670 2504 757 2557 nehen

177 2604 284 2655 rursus,
298 2588 415 2643 welches
428 2590 473 2643 die
483 2590 698 2659 Wiederholung
710 2592 759 2647 der

178 2677 326 2745 Handlung
344 2678 512 2734 bezeichnet.
531 2710 565 2718 -
584 2680 626 2733 illi
645 2722 652 2734 .
670 2722 697 2739 ..
716 2696 758 2735 rc·

174 2772 295 2833 000000,
315 2767 475 2835 Asyndeton
493 2768 700 2824 adversativum.
724 2800 759 2811 —

178 2858 253 2909 ratio
265 2862 349 2922 atque
359 2870 434 2922 0000,
448 2854 586 2912 Kenntnis
596 2856 652 2911 und
660 2845 759 2927 [lhung

175 2944 206 2997 in
225 2944 274 2998 der
291 2942 504 3013 Krieglhhrung.

214 3034 239 3087 6.
260 3032 367 3100 priami
389 3049 424 3086 ac
444 3034 569 3101 separati
586 3033 655 3101 aori
692 3034 758 3089 Dnls

175 3120 222 3175 die
258 3121 415 3175 Germanen
445 3112 545 3176 keinen
576 3122 759 3178 Grundhesitz

174 3209 280 3277 gehabt
299 3208 398 3277 hohen,
418 3218 480 3278 sagt
495 3209 523 3264 C.
537 3211 607 3264 auch
618 3211 664 3264 Vl.
678 3214 719 3266 22.
732 3216 758 3267 2.

175 3296 213 3353 cf.
232 3299 301 3352 auch
321 3297 407 3353 Tacit
426 3298 516 3352 Germ.
534 3303 577 3353 26.

215 3388 240 3440 7.
258 3385 368 3454 lonqius
385 3384 469 3439 findet
488 3386 546 3440 sich
566 3386 652 3440 diters
671 3385 715 3439 bei
729 3386 758 3441 (l.

175 3474 216 3527 im
243 3473 388 3527 zeitlichen
417 3473 508 3529 Sinne.
540 3474 575 3529 cf.
600 3474 660 3529 Vll.
679 3475 709 3542 [9.
733 3480 759 3531 2.

179 3562 239 3615 vll.
260 3566 300 3615 11.
318 3564 336 3614 4
354 3578 380 3618 u.
399 3566 424 3615 ὁ.

214 3652 239 3704 8.
257 3648 405 3702 maximam
422 3654 540 3716 portam,
565 3650 613 3703 wie
632 3650 681 3704 das
699 3666 759 3705 vor·

175 3737 760 3807 anigehendemultumadverbialerhccus,

176 3826 265 3881 wofllr
289 3825 318 3881 0.
344 3825 431 3880 ofters
456 3826 499 3881 die
519 3826 601 3895 Prhp.
624 3843 658 3881 ex
678 3835 760 3893 setzt,

179 3916 214 3973 cl.
242 3917 262 3969 l.
290 3919 331 3970 16.
356 3918 373 3968 6
396 3930 496 3983 magna
521 3930 555 3969 ex
574 3923 662 3983 parte,
690 3914 759 3970 auch

179 4004 229 4057 der
254 4003 344 4058 hlolse
368 4003 427 4057 hbl.
442 4001 479 4057 ·b.
505 4017 528 4056 c.
554 4003 576 4060 1.
594 4004 636 4057 46.
656 4008 674 4057 2
692 4019 759 4058 nou·
792 3997 814 4017 ‘⁰

179 4092 256 4146 nulla
273 4100 362 4159 parte.
381 4120 412 4130 -
439 4095 504 4144 sum
522 4090 760 4146 insecutionibus

176 4203 214 4224 =
231 4187 377 4233 vorsantur
400 4180 429 4233 in
453 4194 513 4233 ven.
534 4180 591 4247 ,sie
610 4179 760 4235 beschdlti·

176 4283 232 4336 gen
251 4266 310 4322 sich
328 4268 377 4321 mit
394 4266 510 4336 Jagen“.

850 2064 890 2114 10.
911 2061 1002 2128 Atque
1017 2059 1051 2115 cl.
1065 2077 1099 2114 au
1112 2060 1160 2115 111.
1175 2063 1216 2115 15.
1231 2065 1310 2136 32-—
1328 2060 1393 2115 locis

811 2147 1014 2217 frigidissimis,
1046 2149 1164 2217 weniger
1192 2150 1252 2204 eine
1283 2149 1391 2204 Ortshe·

812 2237 971 2305 etimmung,
1000 2237 1117 2291 eundern
1143 2237 1187 2291 ein
1208 2237 1271 2292 Abl.
1292 2239 1348 2292 aba.
1366 2236 1392 2289 in

811 2325 999 2380 houzessirem
1019 2325 1109 2381 Siune.
1130 2355 1161 2365 -
1182 2341 1288 2393 aeque.
1309 2367 1315 2383 .
1336 2317 1345 2381 .’
1361 2329 1392 2379 ct.

813 2401 888 2469 siber
920 2414 995 2471 diese
1025 2414 1247 2483 Korresponsion
1279 2414 1315 2473 ci.
1346 2413 1392 2468 111.

815 2506 896 2557 114.
924 2532 953 2541 -
980 2504 1094 2558 vestitus
1117 2508 1231 2571 praeter
1252 2503 1335 2571 pellis
1358 2500 1390 2555 ef.

812 2590 876 2645 Tae.
906 2591 997 2648 Germ.
1029 2595 1075 2658 17,
1106 2592 1220 2646 vonam
1253 2592 1299 2647 die
1326 2591 1391 2645 Ger·

811 2696 909 2733 manen
938 2680 983 2733 ein
1017 2679 1180 2735 Unterkleid
1208 2694 1261 2735 aus
1289 2679 1392 2743 Fellen,

813 2767 931 2823 derdher
956 2769 999 2823 ein
1022 2766 1168 2821 Oherlrleid
1194 2768 1318 2834 (sagum)
1345 2778 1392 2821 uos

811 2856 924 2923 grobem
937 2855 1117 2923 Wollenzeug
1129 2856 1233 2923 gehabt
1245 2856 1344 2910 haben.
1359 2879 1391 2895 —

812 2938 957 2997 habereut.
968 2987 975 3001 .
986 2985 992 2997 .
1002 2944 1171 2998 iocarentur.
1194 2942 1237 2998 Da
1251 2944 1294 2999 die
1308 2942 1391 3009 Folge

813 3032 872 3087 sich
891 3032 940 3087 auf
955 3031 1000 3085 die
1013 3032 1177 3099 Gegeuwart
1190 3032 1238 3087 des
1251 3030 1391 3087 erathlcn·

813 3121 866 3176 den
876 3119 1093 3176 Sohriitstellers
1104 3120 1249 3187 erstreclrt,
1263 3122 1391 3176 erwartet

812 3225 883 3276 man,
907 3207 996 3263 zumal
1020 3208 1091 3263 nach
1114 3208 1174 3262 dem
1197 3208 1274 3267 Peri.
1292 3220 1390 3277 praes,

813 3299 864 3353 den
888 3296 969 3365 KonJ.
999 3296 1077 3351 Pras.
1118 3296 1224 3351 Jedoah
1251 3295 1390 3351 hisneilen

812 3386 898 3442 findet
922 3385 980 3438 sich
1006 3384 1076 3439 nach
1105 3384 1165 3438 dem
1191 3384 1265 3439 Peri.
1292 3394 1389 3453 praes,

813 3475 895 3529 sonia
926 3474 998 3527 nach
1026 3472 1086 3527 dem
1117 3473 1193 3528 Pras.
1231 3474 1280 3529 der
1311 3469 1389 3537 Konj.

811 3562 967 3630 Imperfeot.
1010 3561 1046 3614 im
1084 3560 1320 3615 Konselmtirsatz.
1356 3554 1389 3610 cf.

813 3649 871 3707 Liv.
883 3649 980 3703 XXIV.
995 3651 1037 3703 34.
1053 3652 1086 3703 14
1105 3664 1200 3703 saxum
1220 3650 1258 3703 ita
1271 3644 1389 3717 proclive

814 3744 864 3803 est,
884 3736 1137 3791 ut...iociderent.
1162 3736 1216 3792 (lic.
1236 3738 1288 3807 leg.
1308 3736 1388 3790 122.

813 3830 856 3881 08.
875 3826 976 3894 docuit,
997 3834 1079 3885 ut..
1101 3865 1107 3881 .
1128 3842 1308 3882 nosceremus.
1360 3822 1366 3856 ἲ

847 4001 875 4057 2.
913 4007 937 4061 l.
956 4002 1052 4071 Mayis
1071 4017 1108 4068 co,
1129 4006 1160 4056 at
1178 4014 1318 4071 ...quom
1336 4008 1389 4065 quo

814 4099 865 4146 etc.
889 4088 1098 4145 Gewdhnlicher
1106 4095 1180 4144 ware
1194 4090 1236 4145 die
1246 4084 1388 4149 Wandung

814 4194 867 4233 non
886 4194 940 4246 quo
960 4218 966 4233 .
987 4219 993 4232 .
1013 4219 1019 4232 .
1039 4178 1088 4232 sed
1105 4186 1151 4243 ut;
1179 4178 1214 4233 cf.
1232 4178 1286 4235 Cic.
1305 4168 1387 4229 Acad.

814 4272 839 4321 2.
862 4269 904 4321 42.
929 4268 978 4321 101
1007 4280 1063 4320 non
1086 4282 1139 4334 quo
1163 4306 1170 4323 .
1193 4307 1200 4320 .
1223 4307 1229 4321 .
1254 4262 1386 4335 probaret,
