<?xml version="1.0" encoding="UTF-8"?>
<!DOCTYPE html PUBLIC "-//W3C//DTD XHTML 1.0 Transitional//EN"
    "http://www.w3.org/TR/xhtml1/DTD/xhtml1-transitional.dtd">
<html xmlns="http://www.w3.org/1999/xhtml" xml:lang="en" lang="en">
 <head>
  <title>
</title>
<meta http-equiv="Content-Type" content="text/html;charset=utf-8" />
  <meta name='ocr-system' content='tesseract 3.04.00' />
  <meta name='ocr-capabilities' content='ocr_page ocr_carea ocr_par ocr_line ocrx_word'/>
</head>
<body>
  <div class='ocr_page' id='page_1' title='image "./ciuliicaesarisc00waltgoog_0311.png"; bbox 0 0 2934 4750; ppageno 0'>
   <div class='ocr_carea' id='block_1_1' title="bbox 465 141 1316 256">
    <p class='ocr_par' dir='ltr' id='par_1_1' title="bbox 465 141 1316 256">
     <span class='ocr_line' id='line_1_1' title="bbox 465 141 1316 256; baseline -0.007 -18"><span class='ocrx_word' id='word_1_1' title='bbox 465 252 466 256; x_wconf 5' lang='grc' dir='ltr'>ἵ</span> <span class='ocrx_word' id='word_1_2' title='bbox 555 183 656 238; x_wconf 86' lang='lat' dir='ltr'><strong>Comm.</strong></span> <span class='ocrx_word' id='word_1_3' title='bbox 675 182 736 238; x_wconf 85' lang='lat' dir='ltr'><strong>VII.</strong></span> <span class='ocrx_word' id='word_1_4' title='bbox 755 186 868 238; x_wconf 82' lang='lat'>37-40.</span> <span class='ocrx_word' id='word_1_5' title='bbox 955 189 957 194; x_wconf 83' lang='grc'>’</span> <span class='ocrx_word' id='word_1_6' title='bbox 1022 141 1026 148; x_wconf 31' lang='grc'><strong>’</strong></span> <span class='ocrx_word' id='word_1_7' title='bbox 1275 172 1316 232; x_wconf 85' lang='grc'><strong>39</strong></span> 
     </span>
    </p>
   </div>
   <div class='ocr_carea' id='block_1_2' title="bbox 100 323 1400 829">
    <p class='ocr_par' dir='ltr' id='par_1_2' title="bbox 100 323 1400 829">
     <span class='ocr_line' id='line_1_2' title="bbox 101 323 1262 416; baseline 0 -28"><span class='ocrx_word' id='word_1_8' title='bbox 101 323 259 390; x_wconf 84' lang='lat' dir='ltr'><strong>Continuo</strong></span> <span class='ocrx_word' id='word_1_9' title='bbox 290 343 439 407; x_wconf 89' lang='lat' dir='ltr'><strong>magnum</strong></span> <span class='ocrx_word' id='word_1_10' title='bbox 469 344 634 411; x_wconf 89' lang='lat' dir='ltr'><strong>numerum</strong></span> <span class='ocrx_word' id='word_1_11' title='bbox 666 323 820 390; x_wconf 81' lang='lat' dir='ltr'>frumenti</span> <span class='ocrx_word' id='word_1_12' title='bbox 850 330 1109 405; x_wconf 83' lang='lat' dir='ltr'><strong>commeatusque</strong></span> <span class='ocrx_word' id='word_1_13' title='bbox 1145 325 1262 416; x_wconf 91' lang='lat' dir='ltr'><strong>diripit,</strong></span> 
     </span>
     <span class='ocr_line' id='line_1_3' title="bbox 101 429 1400 518; baseline -0.003 -24"><span class='ocrx_word' id='word_1_14' title='bbox 101 431 187 510; x_wconf 93' lang='lat' dir='ltr'><strong>ipsos</strong></span> <span class='ocrx_word' id='word_1_15' title='bbox 222 430 395 495; x_wconf 87' lang='lat' dir='ltr'><strong>crudeliter</strong></span> <span class='ocrx_word' id='word_1_16' title='bbox 428 432 625 496; x_wconf 84' lang='lat' dir='ltr'><strong>excruciatos</strong></span> <span class='ocrx_word' id='word_1_17' title='bbox 658 429 818 497; x_wconf 89' lang='lat' dir='ltr'><strong>interficit.</strong></span> <span class='ocrx_word' id='word_1_18' title='bbox 865 431 1001 495; x_wconf 82' lang='lat' dir='ltr'><strong>Nuntios</strong></span> <span class='ocrx_word' id='word_1_19' title='bbox 1033 435 1102 494; x_wconf 87' lang='lat' dir='ltr'><strong>tota</strong></span> <span class='ocrx_word' id='word_1_20' title='bbox 1135 431 1263 495; x_wconf 89' lang='lat' dir='ltr'><strong>civitate</strong></span> <span class='ocrx_word' id='word_1_21' title='bbox 1286 443 1333 491; x_wconf 89' lang='lat'><strong>10·</strong></span> <span class='ocrx_word' id='word_1_22' title='bbox 1376 481 1400 518; x_wconf 72' lang='grc'><strong>,</strong></span> 
     </span>
     <span class='ocr_line' id='line_1_4' title="bbox 101 533 1264 617; baseline -0.001 -18"><span class='ocrx_word' id='word_1_23' title='bbox 101 535 306 600; x_wconf 80' lang='lat' dir='ltr'><strong>Haeduorum</strong></span> <span class='ocrx_word' id='word_1_24' title='bbox 330 536 471 617; x_wconf 77' lang='lat' dir='ltr'><strong>dimittit,</strong></span> <span class='ocrx_word' id='word_1_25' title='bbox 496 537 606 601; x_wconf 89' lang='lat' dir='ltr'><strong>eodem</strong></span> <span class='ocrx_word' id='word_1_26' title='bbox 630 533 793 601; x_wconf 85' lang='lat' dir='ltr'><strong>mendacio</strong></span> <span class='ocrx_word' id='word_1_27' title='bbox 807 536 848 600; x_wconf 94' lang='lat' dir='ltr'><strong>de</strong></span> <span class='ocrx_word' id='word_1_28' title='bbox 864 537 959 601; x_wconf 86' lang='lat' dir='ltr'><strong>caede</strong></span> <span class='ocrx_word' id='word_1_29' title='bbox 976 537 1115 616; x_wconf 89' lang='lat' dir='ltr'><strong>equitum</strong></span> <span class='ocrx_word' id='word_1_30' title='bbox 1132 540 1163 600; x_wconf 90' lang='lat' dir='ltr'><strong>et</strong></span> <span class='ocrx_word' id='word_1_31' title='bbox 1179 537 1264 616; x_wconf 91' lang='lat' dir='ltr'><strong>prin·</strong></span> 
     </span>
     <span class='ocr_line' id='line_1_5' title="bbox 101 639 1261 723; baseline 0 -18"><span class='ocrx_word' id='word_1_32' title='bbox 101 643 206 723; x_wconf 90' lang='lat' dir='ltr'><strong>cipum</strong></span> <span class='ocrx_word' id='word_1_33' title='bbox 229 647 407 722; x_wconf 72' lang='lat' dir='ltr'><strong>permovet,</strong></span> <span class='ocrx_word' id='word_1_34' title='bbox 432 641 588 720; x_wconf 90' lang='lat' dir='ltr'><strong>hortatur,</strong></span> <span class='ocrx_word' id='word_1_35' title='bbox 612 647 649 705; x_wconf 92' lang='lat' dir='ltr'><strong>ut</strong></span> <span class='ocrx_word' id='word_1_36' title='bbox 671 641 765 706; x_wconf 87' lang='lat' dir='ltr'><strong>simili</strong></span> <span class='ocrx_word' id='word_1_37' title='bbox 789 643 920 721; x_wconf 87' lang='lat' dir='ltr'><strong>ratione,</strong></span> <span class='ocrx_word' id='word_1_38' title='bbox 946 646 1042 722; x_wconf 88' lang='lat' dir='ltr'><strong>atque</strong></span> <span class='ocrx_word' id='word_1_39' title='bbox 1059 641 1125 722; x_wconf 89' lang='lat' dir='ltr'><strong>ipse</strong></span> <span class='ocrx_word' id='word_1_40' title='bbox 1141 639 1261 719; x_wconf 89' lang='lat' dir='ltr'><strong>fecerit,</strong></span> 
     </span>
     <span class='ocr_line' id='line_1_6' title="bbox 100 747 595 829; baseline 0.006 -19"><span class='ocrx_word' id='word_1_41' title='bbox 100 765 176 812; x_wconf 87' lang='lat' dir='ltr'><strong>suas</strong></span> <span class='ocrx_word' id='word_1_42' title='bbox 200 747 331 812; x_wconf 86' lang='lat' dir='ltr'><strong>iniurias</strong></span> <span class='ocrx_word' id='word_1_43' title='bbox 354 755 595 829; x_wconf 85' lang='lat' dir='ltr'><strong>persequantur.</strong></span> 
     </span>
    </p>
   </div>
   <div class='ocr_carea' id='block_1_3' title="bbox 208 851 1413 942">
    <p class='ocr_par' dir='ltr' id='par_1_3' title="bbox 208 851 1413 942">
     <span class='ocr_line' id='line_1_7' title="bbox 208 851 1413 942; baseline -0.001 -26"><span class='ocrx_word' id='word_1_44' title='bbox 208 856 259 918; x_wconf 83' lang='lat'><strong>39.</strong></span> <span class='ocrx_word' id='word_1_45' title='bbox 298 853 496 935; x_wconf 84' lang='lat' dir='ltr'><strong>Eporedorix</strong></span> <span class='ocrx_word' id='word_1_46' title='bbox 518 852 680 931; x_wconf 86' lang='lat' dir='ltr'><strong>Haeduus,</strong></span> <span class='ocrx_word' id='word_1_47' title='bbox 705 870 828 918; x_wconf 90' lang='lat' dir='ltr'><strong>summo</strong></span> <span class='ocrx_word' id='word_1_48' title='bbox 851 852 920 917; x_wconf 91' lang='lat' dir='ltr'><strong>loco</strong></span> <span class='ocrx_word' id='word_1_49' title='bbox 952 857 1046 917; x_wconf 88' lang='lat' dir='ltr'><strong>natus</strong></span> <span class='ocrx_word' id='word_1_50' title='bbox 1078 851 1296 915; x_wconf 81' lang='lat' dir='ltr'><strong>adulesceusu</strong></span> <span class='ocrx_word' id='word_1_51' title='bbox 1402 925 1413 942; x_wconf 15' lang='grc' dir='ltr'><strong>Ι,</strong></span> 
     </span>
    </p>
   </div>
   <div class='ocr_carea' id='block_1_4' title="bbox 11 944 1304 2414">
    <p class='ocr_par' dir='ltr' id='par_1_4' title="bbox 11 944 1304 2200">
     <span class='ocr_line' id='line_1_8' title="bbox 99 944 1263 1038; baseline 0 -19"><span class='ocrx_word' id='word_1_52' title='bbox 99 963 134 1019; x_wconf 89' lang='lat' dir='ltr'><strong>et</strong></span> <span class='ocrx_word' id='word_1_53' title='bbox 156 975 298 1022; x_wconf 87' lang='lat' dir='ltr'><strong>summae</strong></span> <span class='ocrx_word' id='word_1_54' title='bbox 322 957 406 1023; x_wconf 95' lang='lat' dir='ltr'><strong>domi</strong></span> <span class='ocrx_word' id='word_1_55' title='bbox 429 944 600 1038; x_wconf 87' lang='lat' dir='ltr'><strong>potentiae,</strong></span> <span class='ocrx_word' id='word_1_56' title='bbox 626 965 747 1022; x_wconf 79' lang='lat' dir='ltr'><strong>etune</strong></span> <span class='ocrx_word' id='word_1_57' title='bbox 769 957 997 1036; x_wconf 84' lang='lat' dir='ltr'><strong>Viridomarus,</strong></span> <span class='ocrx_word' id='word_1_58' title='bbox 1022 957 1091 1038; x_wconf 87' lang='lat' dir='ltr'><strong>pari</strong></span> <span class='ocrx_word' id='word_1_59' title='bbox 1106 963 1214 1021; x_wconf 87' lang='lat' dir='ltr'><strong>aetate</strong></span> <span class='ocrx_word' id='word_1_60' title='bbox 1230 961 1263 1020; x_wconf 91' lang='lat' dir='ltr'><strong>et</strong></span> 
     </span>
     <span class='ocr_line' id='line_1_9' title="bbox 99 1062 1262 1152; baseline -0.002 -26"><span class='ocrx_word' id='word_1_61' title='bbox 99 1064 216 1143; x_wconf 89' lang='lat' dir='ltr'><strong>gratia,</strong></span> <span class='ocrx_word' id='word_1_62' title='bbox 240 1064 296 1128; x_wconf 88' lang='lat' dir='ltr'><strong>sed</strong></span> <span class='ocrx_word' id='word_1_63' title='bbox 318 1082 435 1144; x_wconf 88' lang='lat' dir='ltr'><strong>genere</strong></span> <span class='ocrx_word' id='word_1_64' title='bbox 459 1064 587 1145; x_wconf 82' lang='lat' dir='ltr'><strong>dispari,</strong></span> <span class='ocrx_word' id='word_1_65' title='bbox 612 1082 705 1151; x_wconf 84' lang='lat' dir='ltr'><strong>quem</strong></span> <span class='ocrx_word' id='word_1_66' title='bbox 729 1062 850 1128; x_wconf 84' lang='lat' dir='ltr'><strong>Caesar</strong></span> <span class='ocrx_word' id='word_1_67' title='bbox 874 1066 914 1152; x_wconf 80' lang='lat' dir='ltr'><strong>ah</strong></span> <span class='ocrx_word' id='word_1_68' title='bbox 941 1064 1097 1128; x_wconf 85' lang='lat' dir='ltr'><strong>Diviciaco</strong></span> <span class='ocrx_word' id='word_1_69' title='bbox 1122 1062 1182 1126; x_wconf 92' lang='lat' dir='ltr'><strong>sihi</strong></span> <span class='ocrx_word' id='word_1_70' title='bbox 1197 1067 1262 1125; x_wconf 90' lang='lat' dir='ltr'><strong>tra·</strong></span> 
     </span>
     <span class='ocr_line' id='line_1_10' title="bbox 100 1168 1304 1251; baseline 0.003 -21"><span class='ocrx_word' id='word_1_71' title='bbox 100 1169 202 1234; x_wconf 90' lang='lat' dir='ltr'><strong>ditum</strong></span> <span class='ocrx_word' id='word_1_72' title='bbox 225 1188 263 1233; x_wconf 83' lang='lat' dir='ltr'><strong>ex</strong></span> <span class='ocrx_word' id='word_1_73' title='bbox 286 1169 399 1234; x_wconf 89' lang='lat' dir='ltr'><strong>humili</strong></span> <span class='ocrx_word' id='word_1_74' title='bbox 430 1169 499 1236; x_wconf 91' lang='lat' dir='ltr'><strong>loco</strong></span> <span class='ocrx_word' id='word_1_75' title='bbox 529 1170 570 1233; x_wconf 87' lang='lat' dir='ltr'><strong>ad</strong></span> <span class='ocrx_word' id='word_1_76' title='bbox 596 1187 753 1237; x_wconf 92' lang='lat' dir='ltr'><strong>summam</strong></span> <span class='ocrx_word' id='word_1_77' title='bbox 787 1170 973 1251; x_wconf 88' lang='lat' dir='ltr'><strong>dignitatem</strong></span> <span class='ocrx_word' id='word_1_78' title='bbox 1000 1169 1201 1251; x_wconf 86' lang='lat' dir='ltr'><strong>perduxerat,</strong></span> <span class='ocrx_word' id='word_1_79' title='bbox 1229 1168 1261 1231; x_wconf 91' lang='lat' dir='ltr'><strong>in</strong></span> <span class='ocrx_word' id='word_1_80' title='bbox 1301 1231 1304 1234; x_wconf 87' lang='lat'>.</span> 
     </span>
     <span class='ocr_line' id='line_1_11' title="bbox 98 1272 1296 1354; baseline -0.001 -18"><span class='ocrx_word' id='word_1_81' title='bbox 98 1275 242 1354; x_wconf 91' lang='lat' dir='ltr'><strong>equitum</strong></span> <span class='ocrx_word' id='word_1_82' title='bbox 270 1293 400 1340; x_wconf 89' lang='lat' dir='ltr'><strong>numero</strong></span> <span class='ocrx_word' id='word_1_83' title='bbox 429 1282 642 1340; x_wconf 86' lang='lat' dir='ltr'><strong>convenerant</strong></span> <span class='ocrx_word' id='word_1_84' title='bbox 670 1276 857 1340; x_wconf 86' lang='lat' dir='ltr'><strong>nominatim</strong></span> <span class='ocrx_word' id='word_1_85' title='bbox 885 1277 925 1340; x_wconf 89' lang='lat' dir='ltr'><strong>ab</strong></span> <span class='ocrx_word' id='word_1_86' title='bbox 957 1294 993 1338; x_wconf 90' lang='lat' dir='ltr'><strong>eo</strong></span> <span class='ocrx_word' id='word_1_87' title='bbox 1025 1275 1158 1340; x_wconf 89' lang='lat' dir='ltr'><strong>evocati.</strong></span> <span class='ocrx_word' id='word_1_88' title='bbox 1204 1272 1296 1336; x_wconf 79' lang='lat' dir='ltr'><strong>Hisa</strong></span> 
     </span>
     <span class='ocr_line' id='line_1_12' title="bbox 98 1380 1262 1462; baseline -0.001 -20"><span class='ocrx_word' id='word_1_89' title='bbox 98 1386 172 1444; x_wconf 86' lang='lat' dir='ltr'><strong>erat</strong></span> <span class='ocrx_word' id='word_1_90' title='bbox 193 1381 278 1445; x_wconf 88' lang='lat' dir='ltr'><strong>inter</strong></span> <span class='ocrx_word' id='word_1_91' title='bbox 300 1397 334 1444; x_wconf 89' lang='lat' dir='ltr'><strong>se</strong></span> <span class='ocrx_word' id='word_1_92' title='bbox 359 1381 398 1444; x_wconf 90' lang='lat' dir='ltr'><strong>de</strong></span> <span class='ocrx_word' id='word_1_93' title='bbox 421 1381 600 1462; x_wconf 87' lang='lat' dir='ltr'><strong>principatu</strong></span> <span class='ocrx_word' id='word_1_94' title='bbox 625 1381 795 1461; x_wconf 85' lang='lat' dir='ltr'><strong>contentio,</strong></span> <span class='ocrx_word' id='word_1_95' title='bbox 820 1386 853 1446; x_wconf 89' lang='lat' dir='ltr'><strong>et</strong></span> <span class='ocrx_word' id='word_1_96' title='bbox 881 1382 913 1445; x_wconf 94' lang='lat' dir='ltr'><strong>in</strong></span> <span class='ocrx_word' id='word_1_97' title='bbox 936 1380 991 1445; x_wconf 88' lang='lat' dir='ltr'><strong>illa</strong></span> <span class='ocrx_word' id='word_1_98' title='bbox 1018 1382 1262 1460; x_wconf 80' lang='lat' dir='ltr'><strong>magistratuum</strong></span> 
     </span>
     <span class='ocr_line' id='line_1_13' title="bbox 99 1483 1260 1567; baseline 0 -20"><span class='ocrx_word' id='word_1_99' title='bbox 99 1487 318 1550; x_wconf 90' lang='lat' dir='ltr'><strong>controversia</strong></span> <span class='ocrx_word' id='word_1_100' title='bbox 340 1485 423 1550; x_wconf 88' lang='lat' dir='ltr'><strong>alter</strong></span> <span class='ocrx_word' id='word_1_101' title='bbox 450 1505 508 1567; x_wconf 93' lang='lat' dir='ltr'><strong>pro</strong></span> <span class='ocrx_word' id='word_1_102' title='bbox 536 1484 788 1564; x_wconf 84' lang='lat' dir='ltr'><strong>Convictolitavi,</strong></span> <span class='ocrx_word' id='word_1_103' title='bbox 821 1485 904 1551; x_wconf 87' lang='lat' dir='ltr'><strong>alter</strong></span> <span class='ocrx_word' id='word_1_104' title='bbox 935 1505 992 1567; x_wconf 91' lang='lat' dir='ltr'><strong>pro</strong></span> <span class='ocrx_word' id='word_1_105' title='bbox 1022 1483 1101 1550; x_wconf 85' lang='lat' dir='ltr'><strong>Coto</strong></span> <span class='ocrx_word' id='word_1_106' title='bbox 1129 1485 1260 1548; x_wconf 86' lang='lat' dir='ltr'><strong>summis</strong></span> 
     </span>
     <span class='ocr_line' id='line_1_14' title="bbox 11 1590 1297 1679; baseline -0.007 -20"><span class='ocrx_word' id='word_1_107' title='bbox 11 1653 15 1659; x_wconf 89' lang='lat'>.</span> <span class='ocrx_word' id='word_1_108' title='bbox 97 1590 213 1679; x_wconf 89' lang='lat' dir='ltr'><strong>opibus</strong></span> <span class='ocrx_word' id='word_1_109' title='bbox 235 1600 465 1673; x_wconf 87' lang='lat' dir='ltr'><strong>pugnaverant.</strong></span> <span class='ocrx_word' id='word_1_110' title='bbox 512 1591 559 1656; x_wconf 83' lang='lat' dir='ltr'><strong>Ex</strong></span> <span class='ocrx_word' id='word_1_111' title='bbox 582 1591 631 1656; x_wconf 94' lang='lat' dir='ltr'><strong>his</strong></span> <span class='ocrx_word' id='word_1_112' title='bbox 655 1593 851 1673; x_wconf 84' lang='lat' dir='ltr'><strong>Eporedorix</strong></span> <span class='ocrx_word' id='word_1_113' title='bbox 874 1592 999 1672; x_wconf 88' lang='lat' dir='ltr'><strong>cognito</strong></span> <span class='ocrx_word' id='word_1_114' title='bbox 1019 1591 1173 1655; x_wconf 61' lang='lat' dir='ltr'><strong>,Litavicci</strong></span> <span class='ocrx_word' id='word_1_115' title='bbox 1190 1607 1261 1654; x_wconf 91' lang='lat' dir='ltr'><strong>cou-</strong></span> <span class='ocrx_word' id='word_1_116' title='bbox 1281 1600 1297 1650; x_wconf 88' lang='lat'><strong>3</strong></span> 
     </span>
     <span class='ocr_line' id='line_1_15' title="bbox 97 1683 1298 1776; baseline -0.002 -18"><span class='ocrx_word' id='word_1_117' title='bbox 97 1695 169 1760; x_wconf 93' lang='lat' dir='ltr'><strong>silio</strong></span> <span class='ocrx_word' id='word_1_118' title='bbox 193 1697 298 1761; x_wconf 88' lang='lat' dir='ltr'><strong>media</strong></span> <span class='ocrx_word' id='word_1_119' title='bbox 312 1695 378 1761; x_wconf 86' lang='lat' dir='ltr'><strong>fere</strong></span> <span class='ocrx_word' id='word_1_120' title='bbox 393 1702 486 1762; x_wconf 89' lang='lat' dir='ltr'><strong>nocte</strong></span> <span class='ocrx_word' id='word_1_121' title='bbox 502 1716 569 1761; x_wconf 91' lang='lat' dir='ltr'><strong>rem</strong></span> <span class='ocrx_word' id='word_1_122' title='bbox 585 1698 625 1762; x_wconf 88' lang='lat' dir='ltr'><strong>ad</strong></span> <span class='ocrx_word' id='word_1_123' title='bbox 644 1696 813 1762; x_wconf 84' lang='lat' dir='ltr'><strong>Caesarem</strong></span> <span class='ocrx_word' id='word_1_124' title='bbox 830 1697 946 1774; x_wconf 81' lang='lat' dir='ltr'><strong>deiert3</strong></span> <span class='ocrx_word' id='word_1_125' title='bbox 970 1702 1050 1775; x_wconf 89' lang='lat' dir='ltr'><strong>orat,</strong></span> <span class='ocrx_word' id='word_1_126' title='bbox 1067 1715 1107 1760; x_wconf 91' lang='lat' dir='ltr'><strong>ue</strong></span> <span class='ocrx_word' id='word_1_127' title='bbox 1121 1683 1262 1776; x_wconf 87' lang='lat' dir='ltr'><strong>patiatur</strong></span> <span class='ocrx_word' id='word_1_128' title='bbox 1293 1708 1298 1720; x_wconf 59' lang='lat'>*</span> 
     </span>
     <span class='ocr_line' id='line_1_16' title="bbox 98 1799 1261 1883; baseline -0.001 -18"><span class='ocrx_word' id='word_1_129' title='bbox 98 1803 262 1866; x_wconf 86' lang='lat' dir='ltr'><strong>civitatem</strong></span> <span class='ocrx_word' id='word_1_130' title='bbox 285 1803 392 1883; x_wconf 88' lang='lat' dir='ltr'><strong>pravis</strong></span> <span class='ocrx_word' id='word_1_131' title='bbox 414 1803 663 1868; x_wconf 84' lang='lat' dir='ltr'><strong>adulescentium</strong></span> <span class='ocrx_word' id='word_1_132' title='bbox 687 1803 825 1869; x_wconf 89' lang='lat' dir='ltr'><strong>consiliis</strong></span> <span class='ocrx_word' id='word_1_133' title='bbox 849 1803 889 1867; x_wconf 84' lang='lat' dir='ltr'><strong>ab</strong></span> <span class='ocrx_word' id='word_1_134' title='bbox 913 1803 1052 1868; x_wconf 87' lang='lat' dir='ltr'><strong>amicitia</strong></span> <span class='ocrx_word' id='word_1_135' title='bbox 1075 1800 1182 1882; x_wconf 91' lang='lat' dir='ltr'><strong>populi</strong></span> <span class='ocrx_word' id='word_1_136' title='bbox 1199 1799 1261 1864; x_wconf 90' lang='lat' dir='ltr'><strong>Ro·</strong></span> 
     </span>
     <span class='ocr_line' id='line_1_17' title="bbox 97 1905 1294 1990; baseline -0.003 -21"><span class='ocrx_word' id='word_1_137' title='bbox 97 1909 183 1972; x_wconf 88' lang='lat' dir='ltr'><strong>mani</strong></span> <span class='ocrx_word' id='word_1_138' title='bbox 207 1906 354 1987; x_wconf 88' lang='lat' dir='ltr'><strong>deficere;</strong></span> <span class='ocrx_word' id='word_1_139' title='bbox 377 1908 461 1989; x_wconf 92' lang='lat' dir='ltr'><strong>quod</strong></span> <span class='ocrx_word' id='word_1_140' title='bbox 484 1907 625 1973; x_wconf 83' lang='lat' dir='ltr'><strong>futurum</strong></span> <span class='ocrx_word' id='word_1_141' title='bbox 641 1910 814 1990; x_wconf 88' lang='lat' dir='ltr'><strong>provideat,</strong></span> <span class='ocrx_word' id='word_1_142' title='bbox 838 1911 865 1972; x_wconf 91' lang='lat' dir='ltr'><strong>si</strong></span> <span class='ocrx_word' id='word_1_143' title='bbox 881 1927 915 1972; x_wconf 88' lang='lat' dir='ltr'><strong>se</strong></span> <span class='ocrx_word' id='word_1_144' title='bbox 931 1916 980 1973; x_wconf 92' lang='lat' dir='ltr'><strong>tot</strong></span> <span class='ocrx_word' id='word_1_145' title='bbox 995 1907 1158 1972; x_wconf 91' lang='lat' dir='ltr'><strong>hominum</strong></span> <span class='ocrx_word' id='word_1_146' title='bbox 1174 1905 1259 1969; x_wconf 90' lang='lat' dir='ltr'><strong>milia</strong></span> <span class='ocrx_word' id='word_1_147' title='bbox 1277 1916 1294 1965; x_wconf 84' lang='lat'>4</span> 
     </span>
     <span class='ocr_line' id='line_1_18' title="bbox 98 2011 1262 2096; baseline -0.003 -20"><span class='ocrx_word' id='word_1_148' title='bbox 98 2031 170 2076; x_wconf 93' lang='lat' dir='ltr'><strong>cum</strong></span> <span class='ocrx_word' id='word_1_149' title='bbox 203 2013 261 2077; x_wconf 94' lang='lat' dir='ltr'><strong>hos</strong></span> <span class='ocrx_word' id='word_1_150' title='bbox 263 2014 348 2078; x_wconf 90' lang='lat' dir='ltr'><strong>tibus</strong></span> <span class='ocrx_word' id='word_1_151' title='bbox 376 2015 604 2090; x_wconf 85' lang='lat' dir='ltr'><strong>coniunxerint,</strong></span> <span class='ocrx_word' id='word_1_152' title='bbox 633 2033 775 2096; x_wconf 87' lang='lat' dir='ltr'><strong>quorum</strong></span> <span class='ocrx_word' id='word_1_153' title='bbox 802 2014 935 2078; x_wconf 89' lang='lat' dir='ltr'><strong>salutem</strong></span> <span class='ocrx_word' id='word_1_154' title='bbox 965 2030 1066 2093; x_wconf 87' lang='lat' dir='ltr'><strong>neque</strong></span> <span class='ocrx_word' id='word_1_155' title='bbox 1094 2011 1262 2092; x_wconf 88' lang='lat' dir='ltr'><strong>propinqui</strong></span> 
     </span>
     <span class='ocr_line' id='line_1_19' title="bbox 101 2117 1101 2200; baseline 0 -19"><span class='ocrx_word' id='word_1_156' title='bbox 101 2117 282 2200; x_wconf 84' lang='lat' dir='ltr'><strong>neglegere,</strong></span> <span class='ocrx_word' id='word_1_157' title='bbox 298 2137 401 2200; x_wconf 91' lang='lat' dir='ltr'><strong>neque</strong></span> <span class='ocrx_word' id='word_1_158' title='bbox 418 2121 529 2185; x_wconf 87' lang='lat' dir='ltr'><strong>civitas</strong></span> <span class='ocrx_word' id='word_1_159' title='bbox 545 2120 608 2185; x_wconf 90' lang='lat' dir='ltr'><strong>levi</strong></span> <span class='ocrx_word' id='word_1_160' title='bbox 623 2126 783 2184; x_wconf 89' lang='lat' dir='ltr'><strong>momento</strong></span> <span class='ocrx_word' id='word_1_161' title='bbox 800 2123 968 2185; x_wconf 86' lang='lat' dir='ltr'><strong>aestimare</strong></span> <span class='ocrx_word' id='word_1_162' title='bbox 983 2123 1101 2200; x_wconf 88' lang='lat' dir='ltr'><strong>posset.</strong></span> 
     </span>
    </p>

    <p class='ocr_par' dir='ltr' id='par_1_5' title="bbox 98 2203 1295 2414">
     <span class='ocr_line' id='line_1_20' title="bbox 204 2203 1295 2308; baseline -0.004 -21"><span class='ocrx_word' id='word_1_163' title='bbox 204 2229 256 2290; x_wconf 84' lang='lat'><strong>40.</strong></span> <span class='ocrx_word' id='word_1_164' title='bbox 290 2225 413 2308; x_wconf 88' lang='lat' dir='ltr'><strong>Magna</strong></span> <span class='ocrx_word' id='word_1_165' title='bbox 437 2225 542 2290; x_wconf 79' lang='lat' dir='ltr'><strong>adieci</strong></span> <span class='ocrx_word' id='word_1_166' title='bbox 528 2232 581 2290; x_wconf 85' lang='lat' dir='ltr'><strong>tus</strong></span> <span class='ocrx_word' id='word_1_167' title='bbox 602 2225 814 2290; x_wconf 87' lang='lat' dir='ltr'><strong>sollicitudine</strong></span> <span class='ocrx_word' id='word_1_168' title='bbox 830 2225 889 2291; x_wconf 90' lang='lat' dir='ltr'><strong>hoc</strong></span> <span class='ocrx_word' id='word_1_169' title='bbox 906 2221 986 2288; x_wconf 87' lang='lat' dir='ltr'><strong>nunt</strong></span> <span class='ocrx_word' id='word_1_170' title='bbox 988 2225 1017 2288; x_wconf 92' lang='lat' dir='ltr'><strong>io</strong></span> <span class='ocrx_word' id='word_1_171' title='bbox 972 2221 1160 2304; x_wconf 84' lang='lat' dir='ltr'><strong>tGaesar,</strong></span> <span class='ocrx_word' id='word_1_172' title='bbox 1177 2203 1260 2303; x_wconf 88' lang='lat' dir='ltr'><strong>quod</strong></span> <span class='ocrx_word' id='word_1_173' title='bbox 1281 2232 1295 2281; x_wconf 93' lang='lat'>1</span> 
     </span>
     <span class='ocr_line' id='line_1_21' title="bbox 98 2329 1260 2414; baseline -0.002 -20"><span class='ocrx_word' id='word_1_174' title='bbox 98 2347 226 2411; x_wconf 88' lang='lat' dir='ltr'><strong>semper</strong></span> <span class='ocrx_word' id='word_1_175' title='bbox 250 2330 455 2397; x_wconf 80' lang='lat' dir='ltr'><strong>Haeduorum</strong></span> <span class='ocrx_word' id='word_1_176' title='bbox 482 2331 601 2397; x_wconf 89' lang='lat' dir='ltr'><strong>civitati</strong></span> <span class='ocrx_word' id='word_1_177' title='bbox 632 2332 803 2414; x_wconf 86' lang='lat' dir='ltr'><strong>praecipue</strong></span> <span class='ocrx_word' id='word_1_178' title='bbox 833 2331 1019 2410; x_wconf 81' lang='lat' dir='ltr'><strong>indulserat,</strong></span> <span class='ocrx_word' id='word_1_179' title='bbox 1048 2329 1210 2395; x_wconf 90' lang='lat' dir='ltr'><strong>nullat</strong></span> <span class='ocrx_word' id='word_1_180' title='bbox 1163 2347 1192 2393; x_wconf 89' lang='lat' dir='ltr'><strong>m</strong></span> <span class='ocrx_word' id='word_1_181' title='bbox 1197 2334 1260 2393; x_wconf 88' lang='lat' dir='ltr'><strong>t·er</strong></span> 
     </span>
    </p>
   </div>
   <div class='ocr_carea' id='block_1_5' title="bbox 95 2572 1365 2995">
    <p class='ocr_par' dir='ltr' id='par_1_6' title="bbox 95 2572 1365 2995">
     <span class='ocr_line' id='line_1_22' title="bbox 96 2572 1314 2645; baseline -0.002 -18"><span class='ocrx_word' id='word_1_182' title='bbox 96 2575 248 2638; x_wconf 71' lang='lat' dir='ltr'><strong>schafften}</strong></span> <span class='ocrx_word' id='word_1_183' title='bbox 277 2576 354 2630; x_wconf 89' lang='lat' dir='ltr'><strong>diese</strong></span> <span class='ocrx_word' id='word_1_184' title='bbox 381 2578 477 2631; x_wconf 84' lang='lat' dir='ltr'><strong>hatten</strong></span> <span class='ocrx_word' id='word_1_185' title='bbox 505 2577 563 2631; x_wconf 87' lang='lat' dir='ltr'><strong>sich</strong></span> <span class='ocrx_word' id='word_1_186' title='bbox 596 2583 677 2630; x_wconf 88' lang='lat' dir='ltr'><strong>uuter</strong></span> <span class='ocrx_word' id='word_1_187' title='bbox 731 2578 897 2645; x_wconf 85' lang='lat' dir='ltr'><strong>Wagsehale</strong></span> <span class='ocrx_word' id='word_1_188' title='bbox 910 2576 1147 2643; x_wconf 78' lang='lat' dir='ltr'><strong>etuasabwttgen,</strong></span> <span class='ocrx_word' id='word_1_189' title='bbox 1166 2574 1252 2628; x_wconf 89' lang='lat' dir='ltr'><strong>wobei</strong></span> <span class='ocrx_word' id='word_1_190' title='bbox 1265 2572 1314 2627; x_wconf 89' lang='lat' dir='ltr'><strong>der</strong></span> 
     </span>
     <span class='ocr_line' id='line_1_23' title="bbox 97 2661 1365 2734; baseline -0.002 -18"><span class='ocrx_word' id='word_1_191' title='bbox 97 2663 150 2717; x_wconf 91' lang='lat' dir='ltr'><strong>den</strong></span> <span class='ocrx_word' id='word_1_192' title='bbox 163 2662 264 2717; x_wconf 87' lang='lat' dir='ltr'><strong>Schutz</strong></span> <span class='ocrx_word' id='word_1_193' title='bbox 275 2664 322 2718; x_wconf 88' lang='lat' dir='ltr'><strong>des</strong></span> <span class='ocrx_word' id='word_1_194' title='bbox 332 2664 491 2719; x_wconf 78' lang='lat' dir='ltr'><strong>Litaviccus</strong></span> <span class='ocrx_word' id='word_1_195' title='bbox 500 2664 623 2731; x_wconf 82' lang='lat' dir='ltr'><strong>gestellt,</strong></span> <span class='ocrx_word' id='word_1_196' title='bbox 642 2664 677 2724; x_wconf 87' lang='lat' dir='ltr'><strong>da</strong></span> <span class='ocrx_word' id='word_1_197' title='bbox 730 2665 933 2734; x_wconf 76' lang='lat' dir='ltr'><strong>abzuutgende</strong></span> <span class='ocrx_word' id='word_1_198' title='bbox 960 2663 1135 2732; x_wconf 83' lang='lat' dir='ltr'><strong>Gegenstsnd</strong></span> <span class='ocrx_word' id='word_1_199' title='bbox 1163 2662 1239 2717; x_wconf 88' lang='lat' dir='ltr'><strong>nicht</strong></span> <span class='ocrx_word' id='word_1_200' title='bbox 1271 2661 1313 2714; x_wconf 90' lang='lat' dir='ltr'><strong>ins</strong></span> <span class='ocrx_word' id='word_1_201' title='bbox 1362 2686 1365 2693; x_wconf 91' lang='lat'>·</span> 
     </span>
     <span class='ocr_line' id='line_1_24' title="bbox 96 2748 1314 2820; baseline -0.002 -16"><span class='ocrx_word' id='word_1_202' title='bbox 96 2752 139 2805; x_wconf 86' lang='lat' dir='ltr'><strong>sie</strong></span> <span class='ocrx_word' id='word_1_203' title='bbox 152 2767 205 2804; x_wconf 84' lang='lat' dir='ltr'><strong>von</strong></span> <span class='ocrx_word' id='word_1_204' title='bbox 222 2753 322 2805; x_wconf 84' lang='lat' dir='ltr'><strong>seinem</strong></span> <span class='ocrx_word' id='word_1_205' title='bbox 345 2751 439 2806; x_wconf 87' lang='lat' dir='ltr'><strong>Abisli</strong></span> <span class='ocrx_word' id='word_1_206' title='bbox 459 2752 546 2805; x_wconf 89' lang='lat' dir='ltr'><strong>nichts</strong></span> <span class='ocrx_word' id='word_1_207' title='bbox 565 2752 676 2809; x_wconf 87' lang='lat' dir='ltr'><strong>ahnteu.</strong></span> <span class='ocrx_word' id='word_1_208' title='bbox 730 2753 855 2820; x_wconf 83' lang='lat' dir='ltr'><strong>Gewicht</strong></span> <span class='ocrx_word' id='word_1_209' title='bbox 867 2753 939 2820; x_wconf 79' lang='lat' dir='ltr'><strong>falic,</strong></span> <span class='ocrx_word' id='word_1_210' title='bbox 953 2753 1048 2805; x_wconf 87' lang='lat' dir='ltr'><strong>mithiu</strong></span> <span class='ocrx_word' id='word_1_211' title='bbox 1064 2752 1123 2819; x_wconf 85' lang='lat' dir='ltr'><strong>„fllr</strong></span> <span class='ocrx_word' id='word_1_212' title='bbox 1133 2748 1314 2818; x_wconf 84' lang='lat' dir='ltr'><strong>gleichgliltig</strong></span> 
     </span>
     <span class='ocr_line' id='line_1_25' title="bbox 136 2837 1315 2908; baseline -0.002 -17"><span class='ocrx_word' id='word_1_213' title='bbox 136 2841 176 2893; x_wconf 89' lang='lat'><strong>10.</strong></span> <span class='ocrx_word' id='word_1_214' title='bbox 195 2844 254 2892; x_wconf 83' lang='lat' dir='ltr'><strong>tota</strong></span> <span class='ocrx_word' id='word_1_215' title='bbox 271 2839 394 2905; x_wconf 71' lang='lat' dir='ltr'><strong>simlero,</strong></span> <span class='ocrx_word' id='word_1_216' title='bbox 421 2841 457 2892; x_wconf 92' lang='lat' dir='ltr'><strong>im</strong></span> <span class='ocrx_word' id='word_1_217' title='bbox 476 2840 609 2894; x_wconf 88' lang='lat' dir='ltr'><strong>Bereiehe</strong></span> <span class='ocrx_word' id='word_1_218' title='bbox 628 2840 676 2893; x_wconf 89' lang='lat' dir='ltr'><strong>des</strong></span> <span class='ocrx_word' id='word_1_219' title='bbox 730 2841 887 2908; x_wconf 81' lang='lat' dir='ltr'><strong>eraohten“‚</strong></span> <span class='ocrx_word' id='word_1_220' title='bbox 907 2839 940 2895; x_wconf 88' lang='lat' dir='ltr'><strong>ef.</strong></span> <span class='ocrx_word' id='word_1_221' title='bbox 960 2841 1018 2894; x_wconf 80' lang='lat' dir='ltr'><strong>hir.</strong></span> <span class='ocrx_word' id='word_1_222' title='bbox 1037 2840 1072 2893; x_wconf 86' lang='grc' dir='ltr'><strong>ΙΙ.</strong></span> <span class='ocrx_word' id='word_1_223' title='bbox 1092 2842 1116 2892; x_wconf 84' lang='grc'><strong>7.</strong></span> <span class='ocrx_word' id='word_1_224' title='bbox 1138 2842 1170 2891; x_wconf 87' lang='grc'><strong>10</strong></span> <span class='ocrx_word' id='word_1_225' title='bbox 1187 2844 1243 2890; x_wconf 88' lang='lat' dir='ltr'><strong>tam</strong></span> <span class='ocrx_word' id='word_1_226' title='bbox 1261 2837 1315 2890; x_wconf 90' lang='lat' dir='ltr'><strong>levi</strong></span> 
     </span>
     <span class='ocr_line' id='line_1_26' title="bbox 95 2910 1313 2995; baseline -0.002 -15"><span class='ocrx_word' id='word_1_227' title='bbox 95 2942 201 2993; x_wconf 84' lang='lat' dir='ltr'><strong>ganzen</strong></span> <span class='ocrx_word' id='word_1_228' title='bbox 213 2926 330 2982; x_wconf 83' lang='lat' dir='ltr'><strong>Staates.</strong></span> <span class='ocrx_word' id='word_1_229' title='bbox 341 2957 374 2966; x_wconf 93' lang='lat'><em>-</em></span> <span class='ocrx_word' id='word_1_230' title='bbox 382 2921 528 2995; x_wconf 79' lang='lat' dir='ltr'><strong>permovet,</strong></span> <span class='ocrx_word' id='word_1_231' title='bbox 548 2943 579 2981; x_wconf 90' lang='lat' dir='ltr'><strong>er</strong></span> <span class='ocrx_word' id='word_1_232' title='bbox 598 2927 677 2981; x_wconf 84' lang='lat' dir='ltr'><strong>sucht</strong></span> <span class='ocrx_word' id='word_1_233' title='bbox 730 2935 865 2984; x_wconf 91' lang='lat' dir='ltr'><strong>momento</strong></span> <span class='ocrx_word' id='word_1_234' title='bbox 878 2944 939 2982; x_wconf 87' lang='lat' dir='ltr'><strong>mea</strong></span> <span class='ocrx_word' id='word_1_235' title='bbox 957 2927 1031 2995; x_wconf 83' lang='lat' dir='ltr'><strong>apud</strong></span> <span class='ocrx_word' id='word_1_236' title='bbox 1044 2943 1092 2981; x_wconf 87' lang='lat' dir='ltr'><strong>vos</strong></span> <span class='ocrx_word' id='word_1_237' title='bbox 1106 2910 1179 2979; x_wconf 79' lang='lat' dir='ltr'><strong>fama</strong></span> <span class='ocrx_word' id='word_1_238' title='bbox 1191 2924 1313 2993; x_wconf 74' lang='lat' dir='ltr'><strong>pendet?</strong></span> 
     </span>
    </p>
   </div>
   <div class='ocr_carea' id='block_1_6' title="bbox 5 3004 1313 3083">
    <p class='ocr_par' dir='ltr' id='par_1_7' title="bbox 5 3004 1313 3083">
     <span class='ocr_line' id='line_1_27' title="bbox 5 3004 1313 3083; baseline -0.005 -12"><span class='ocrx_word' id='word_1_239' title='bbox 5 3067 8 3071; x_wconf 25' lang='lat'><em>1</em></span> <span class='ocrx_word' id='word_1_240' title='bbox 96 3016 139 3069; x_wconf 87' lang='lat' dir='ltr'><strong>sie</strong></span> <span class='ocrx_word' id='word_1_241' title='bbox 157 3016 465 3083; x_wconf 81' lang='lat' dir='ltr'><strong>zubewegen.-saos</strong></span> <span class='ocrx_word' id='word_1_242' title='bbox 482 3014 677 3079; x_wconf 68' lang='lat' dir='ltr'><strong>iniuriaadas</strong></span> <span class='ocrx_word' id='word_1_243' title='bbox 731 3004 808 3072; x_wconf 74' lang='lat' dir='ltr'><strong>fiber</strong></span> <span class='ocrx_word' id='word_1_244' title='bbox 833 3017 885 3070; x_wconf 88' lang='lat' dir='ltr'><strong>den</strong></span> <span class='ocrx_word' id='word_1_245' title='bbox 903 3015 965 3071; x_wconf 88' lang='lat' dir='ltr'><strong>Abl.</strong></span> <span class='ocrx_word' id='word_1_246' title='bbox 989 3014 1023 3069; x_wconf 84' lang='lat' dir='ltr'><strong>cf.</strong></span> <span class='ocrx_word' id='word_1_247' title='bbox 1047 3015 1079 3067; x_wconf 85' lang='lat' dir='ltr'><strong>E.</strong></span> <span class='ocrx_word' id='word_1_248' title='bbox 1098 3014 1130 3079; x_wconf 83' lang='lat' dir='ltr'><strong>S.</strong></span> <span class='ocrx_word' id='word_1_249' title='bbox 1158 3016 1208 3067; x_wconf 85' lang='lat'><strong>156</strong></span> <span class='ocrx_word' id='word_1_250' title='bbox 1234 3018 1313 3066; x_wconf 87' lang='lat' dir='ltr'><strong>Anm.</strong></span> 
     </span>
    </p>
   </div>
   <div class='ocr_carea' id='block_1_7' title="bbox 94 3104 1354 3612">
    <p class='ocr_par' dir='ltr' id='par_1_8' title="bbox 96 3104 1067 3170">
     <span class='ocr_line' id='line_1_28' title="bbox 96 3104 1067 3170; baseline -0.001 -14"><span class='ocrx_word' id='word_1_251' title='bbox 96 3104 179 3160; x_wconf 92' lang='lat' dir='ltr'><strong>Pron.</strong></span> <span class='ocrx_word' id='word_1_252' title='bbox 204 3119 325 3170; x_wconf 83' lang='lat' dir='ltr'><strong>possess,</strong></span> <span class='ocrx_word' id='word_1_253' title='bbox 349 3106 458 3158; x_wconf 83' lang='lat' dir='ltr'><strong>vertritt</strong></span> <span class='ocrx_word' id='word_1_254' title='bbox 484 3104 535 3159; x_wconf 88' lang='lat' dir='ltr'><strong>den</strong></span> <span class='ocrx_word' id='word_1_255' title='bbox 554 3105 677 3158; x_wconf 83' lang='lat' dir='ltr'><strong>Genetir.</strong></span> <span class='ocrx_word' id='word_1_256' title='bbox 732 3110 757 3160; x_wconf 84' lang='lat'><strong>2.</strong></span> <span class='ocrx_word' id='word_1_257' title='bbox 779 3106 805 3159; x_wconf 85' lang='lat' dir='ltr'><strong>S.</strong></span> <span class='ocrx_word' id='word_1_258' title='bbox 826 3105 869 3161; x_wconf 91' lang='lat' dir='ltr'><strong>W.</strong></span> <span class='ocrx_word' id='word_1_259' title='bbox 889 3106 941 3157; x_wconf 81' lang='lat'><strong>225</strong></span> <span class='ocrx_word' id='word_1_260' title='bbox 959 3104 1023 3156; x_wconf 85' lang='lat' dir='ltr'><strong>Zus.</strong></span> <span class='ocrx_word' id='word_1_261' title='bbox 1043 3108 1067 3157; x_wconf 90' lang='lat'><strong>3.</strong></span> 
     </span>
    </p>

    <p class='ocr_par' dir='ltr' id='par_1_9' title="bbox 94 3188 1312 3268">
     <span class='ocr_line' id='line_1_29' title="bbox 94 3188 1312 3268; baseline -0.002 -23"><span class='ocrx_word' id='word_1_262' title='bbox 94 3190 197 3259; x_wconf 87' lang='lat' dir='ltr'><strong>object.</strong></span> <span class='ocrx_word' id='word_1_263' title='bbox 236 3193 285 3246; x_wconf 76' lang='lat' dir='ltr'><strong>ilie</strong></span> <span class='ocrx_word' id='word_1_264' title='bbox 302 3191 442 3246; x_wconf 86' lang='lat' dir='ltr'><strong>Unbilden</strong></span> <span class='ocrx_word' id='word_1_265' title='bbox 460 3192 612 3268; x_wconf 83' lang='lat' dir='ltr'><strong>hestauden</strong></span> <span class='ocrx_word' id='word_1_266' title='bbox 630 3208 678 3246; x_wconf 87' lang='lat' dir='ltr'><strong>an·</strong></span> <span class='ocrx_word' id='word_1_267' title='bbox 767 3192 813 3253; x_wconf 78' lang='lat'><strong>40.</strong></span> <span class='ocrx_word' id='word_1_268' title='bbox 843 3198 864 3249; x_wconf 89' lang='lat'><strong>1.</strong></span> <span class='ocrx_word' id='word_1_269' title='bbox 880 3189 1229 3253; x_wconf 78' lang='lat' dir='ltr'><strong>adcootrahenclceoatra.</strong></span> <span class='ocrx_word' id='word_1_270' title='bbox 1258 3188 1312 3243; x_wconf 86' lang='lat' dir='ltr'><strong>Das</strong></span> 
     </span>
    </p>

    <p class='ocr_par' dir='ltr' id='par_1_10' title="bbox 94 3267 1354 3353">
     <span class='ocr_line' id='line_1_30' title="bbox 94 3267 1354 3353; baseline -0.002 -19"><span class='ocrx_word' id='word_1_271' title='bbox 94 3279 204 3348; x_wconf 89' lang='lat' dir='ltr'><strong>geblich</strong></span> <span class='ocrx_word' id='word_1_272' title='bbox 223 3280 251 3333; x_wconf 91' lang='lat' dir='ltr'><strong>in</strong></span> <span class='ocrx_word' id='word_1_273' title='bbox 277 3279 338 3334; x_wconf 84' lang='lat' dir='ltr'><strong>dem</strong></span> <span class='ocrx_word' id='word_1_274' title='bbox 357 3280 484 3334; x_wconf 82' lang='lat' dir='ltr'><strong>Verluste</strong></span> <span class='ocrx_word' id='word_1_275' title='bbox 509 3281 586 3334; x_wconf 89' lang='lat' dir='ltr'><strong>ihrer</strong></span> <span class='ocrx_word' id='word_1_276' title='bbox 609 3280 677 3333; x_wconf 89' lang='lat' dir='ltr'><strong>Ver·</strong></span> <span class='ocrx_word' id='word_1_277' title='bbox 731 3282 824 3350; x_wconf 85' lang='lat' dir='ltr'><strong>Lager</strong></span> <span class='ocrx_word' id='word_1_278' title='bbox 853 3296 909 3335; x_wconf 87' lang='lat' dir='ltr'><strong>war</strong></span> <span class='ocrx_word' id='word_1_279' title='bbox 938 3278 1134 3347; x_wconf 86' lang='lat' dir='ltr'><strong>ursprllnglich</strong></span> <span class='ocrx_word' id='word_1_280' title='bbox 1159 3278 1204 3353; x_wconf 73' lang='lat' dir='ltr'><strong>fur</strong></span> <span class='ocrx_word' id='word_1_281' title='bbox 1231 3267 1327 3331; x_wconf 84' lang='lat' dir='ltr'><strong>seohs¹</strong></span> <span class='ocrx_word' id='word_1_282' title='bbox 1352 3285 1354 3288; x_wconf 82' lang='grc'><strong>’</strong></span> 
     </span>
    </p>

    <p class='ocr_par' dir='ltr' id='par_1_11' title="bbox 95 3366 1314 3439">
     <span class='ocr_line' id='line_1_31' title="bbox 95 3366 1314 3439; baseline -0.002 -18"><span class='ocrx_word' id='word_1_283' title='bbox 95 3368 233 3433; x_wconf 86' lang='lat' dir='ltr'><strong>wandten,</strong></span> <span class='ocrx_word' id='word_1_284' title='bbox 244 3367 287 3422; x_wconf 90' lang='lat' dir='ltr'><strong>die</strong></span> <span class='ocrx_word' id='word_1_285' title='bbox 298 3370 335 3421; x_wconf 88' lang='lat' dir='ltr'><strong>im</strong></span> <span class='ocrx_word' id='word_1_286' title='bbox 347 3369 437 3423; x_wconf 86' lang='lat' dir='ltr'><strong>Heere</strong></span> <span class='ocrx_word' id='word_1_287' title='bbox 447 3368 546 3423; x_wconf 70' lang='lat' dir='ltr'><strong>Cosam</strong></span> <span class='ocrx_word' id='word_1_288' title='bbox 558 3368 678 3436; x_wconf 82' lang='lat' dir='ltr'><strong>gefalleu</strong></span> <span class='ocrx_word' id='word_1_289' title='bbox 731 3371 871 3439; x_wconf 86' lang='lat' dir='ltr'><strong>Legionen</strong></span> <span class='ocrx_word' id='word_1_290' title='bbox 894 3368 1084 3437; x_wconf 77' lang='lat' dir='ltr'><strong>cingerichtet3</strong></span> <span class='ocrx_word' id='word_1_291' title='bbox 1109 3367 1145 3421; x_wconf 87' lang='lat' dir='ltr'><strong>da</strong></span> <span class='ocrx_word' id='word_1_292' title='bbox 1169 3383 1224 3419; x_wconf 85' lang='lat' dir='ltr'><strong>nun</strong></span> <span class='ocrx_word' id='word_1_293' title='bbox 1248 3366 1314 3419; x_wconf 79' lang='lat' dir='ltr'><strong>zuei</strong></span> 
     </span>
    </p>

    <p class='ocr_par' dir='ltr' id='par_1_12' title="bbox 95 3455 1353 3612">
     <span class='ocr_line' id='line_1_32' title="bbox 95 3455 1353 3527; baseline -0.002 -18"><span class='ocrx_word' id='word_1_294' title='bbox 95 3455 156 3509; x_wconf 88' lang='lat' dir='ltr'><strong>sein</strong></span> <span class='ocrx_word' id='word_1_295' title='bbox 175 3456 284 3509; x_wconf 86' lang='lat' dir='ltr'><strong>sollten.</strong></span> <span class='ocrx_word' id='word_1_296' title='bbox 731 3458 871 3526; x_wconf 84' lang='lat' dir='ltr'><strong>Legionen</strong></span> <span class='ocrx_word' id='word_1_297' title='bbox 889 3456 940 3510; x_wconf 84' lang='lat' dir='ltr'><strong>aui</strong></span> <span class='ocrx_word' id='word_1_298' title='bbox 956 3457 1003 3511; x_wconf 87' lang='lat' dir='ltr'><strong>der</strong></span> <span class='ocrx_word' id='word_1_299' title='bbox 1022 3456 1116 3511; x_wconf 84' lang='lat' dir='ltr'><strong>Roche</strong></span> <span class='ocrx_word' id='word_1_300' title='bbox 1135 3455 1252 3509; x_wconf 84' lang='lat' dir='ltr'><strong>blanche</strong></span> <span class='ocrx_word' id='word_1_301' title='bbox 1270 3456 1313 3508; x_wconf 87' lang='lat' dir='ltr'><strong>ein</strong></span> <span class='ocrx_word' id='word_1_302' title='bbox 1351 3522 1353 3527; x_wconf 69' lang='lat'><strong>,</strong></span> 
     </span>
     <span class='ocr_line' id='line_1_33' title="bbox 131 3542 1313 3612; baseline -0.003 -13"><span class='ocrx_word' id='word_1_303' title='bbox 131 3543 178 3599; x_wconf 76' lang='grc'><strong>89.</strong></span> <span class='ocrx_word' id='word_1_304' title='bbox 217 3548 240 3597; x_wconf 94' lang='lat'><strong>1.</strong></span> <span class='ocrx_word' id='word_1_305' title='bbox 259 3544 567 3612; x_wconf 75' lang='lat' dir='ltr'><strong>traditum,zugeidhrt,</strong></span> <span class='ocrx_word' id='word_1_306' title='bbox 587 3544 678 3611; x_wconf 87' lang='lat' dir='ltr'><strong>einge-</strong></span> <span class='ocrx_word' id='word_1_307' title='bbox 731 3546 841 3601; x_wconf 81' lang='lat' dir='ltr'><strong>aweites</strong></span> <span class='ocrx_word' id='word_1_308' title='bbox 861 3546 951 3611; x_wconf 80' lang='lat' dir='ltr'><strong>hager</strong></span> <span class='ocrx_word' id='word_1_309' title='bbox 978 3545 1097 3611; x_wconf 83' lang='lat' dir='ltr'><strong>hezogeu</strong></span> <span class='ocrx_word' id='word_1_310' title='bbox 1123 3544 1230 3609; x_wconf 88' lang='lat' dir='ltr'><strong>hatten,</strong></span> <span class='ocrx_word' id='word_1_311' title='bbox 1259 3542 1313 3595; x_wconf 91' lang='lat' dir='ltr'><strong>und</strong></span> 
     </span>
    </p>
   </div>
   <div class='ocr_carea' id='block_1_8' title="bbox 42 3630 1435 3701">
    <p class='ocr_par' dir='ltr' id='par_1_13' title="bbox 42 3630 1435 3701">
     <span class='ocr_line' id='line_1_34' title="bbox 42 3630 1435 3701; baseline -0.001 -16"><span class='ocrx_word' id='word_1_312' title='bbox 42 3662 44 3665; x_wconf 58' lang='lat'>&lt;</span> <span class='ocrx_word' id='word_1_313' title='bbox 94 3631 432 3697; x_wconf 66' lang='lat' dir='ltr'><strong>retractantium.</strong></span> <span class='ocrx_word' id='word_1_314' title='bbox 454 3637 466 3685; x_wconf 94' lang='lat'>1</span> <span class='ocrx_word' id='word_1_315' title='bbox 491 3632 624 3686; x_wconf 85' lang='lat' dir='ltr'><strong>traditum</strong></span> <span class='ocrx_word' id='word_1_316' title='bbox 651 3639 678 3685; x_wconf 92' lang='lat' dir='ltr'><strong>et</strong></span> <span class='ocrx_word' id='word_1_317' title='bbox 731 3635 799 3687; x_wconf 78' lang='lat' dir='ltr'><strong>zuei</strong></span> <span class='ocrx_word' id='word_1_318' title='bbox 831 3633 972 3701; x_wconf 88' lang='lat' dir='ltr'><strong>Legionen</strong></span> <span class='ocrx_word' id='word_1_319' title='bbox 995 3640 1077 3687; x_wconf 87' lang='lat' dir='ltr'><strong>untcr</strong></span> <span class='ocrx_word' id='word_1_320' title='bbox 1104 3631 1203 3685; x_wconf 77' lang='lat' dir='ltr'><strong>Ctsars</strong></span> <span class='ocrx_word' id='word_1_321' title='bbox 1232 3630 1313 3685; x_wconf 89' lang='lat' dir='ltr'><strong>Kom·</strong></span> <span class='ocrx_word' id='word_1_322' title='bbox 1422 3642 1435 3649; x_wconf 88' lang='lat'><strong>·</strong></span> 
     </span>
    </p>
   </div>
   <div class='ocr_carea' id='block_1_9' title="bbox 94 3718 1312 4317">
    <p class='ocr_par' dir='ltr' id='par_1_14' title="bbox 94 3718 1312 4317">
     <span class='ocr_line' id='line_1_35' title="bbox 95 3718 1312 3786; baseline -0.001 -14"><span class='ocrx_word' id='word_1_323' title='bbox 95 3719 324 3774; x_wconf 86' lang='lat' dir='ltr'><strong>commendatum.</strong></span> <span class='ocrx_word' id='word_1_324' title='bbox 352 3750 385 3759; x_wconf 88' lang='lat'><em>-</em></span> <span class='ocrx_word' id='word_1_325' title='bbox 414 3725 602 3786; x_wconf 78' lang='lat' dir='ltr'><strong>convenerant,</strong></span> <span class='ocrx_word' id='word_1_326' title='bbox 638 3720 678 3774; x_wconf 88' lang='lat' dir='ltr'><strong>sie</strong></span> <span class='ocrx_word' id='word_1_327' title='bbox 731 3722 830 3775; x_wconf 82' lang='lat' dir='ltr'><strong>mando</strong></span> <span class='ocrx_word' id='word_1_328' title='bbox 859 3722 887 3775; x_wconf 90' lang='lat' dir='ltr'><strong>in</strong></span> <span class='ocrx_word' id='word_1_329' title='bbox 920 3720 969 3774; x_wconf 83' lang='lat' dir='ltr'><strong>das</strong></span> <span class='ocrx_word' id='word_1_330' title='bbox 1003 3719 1080 3773; x_wconf 87' lang='lat' dir='ltr'><strong>Land</strong></span> <span class='ocrx_word' id='word_1_331' title='bbox 1118 3719 1167 3773; x_wconf 89' lang='lat' dir='ltr'><strong>der</strong></span> <span class='ocrx_word' id='word_1_332' title='bbox 1198 3718 1312 3772; x_wconf 80' lang='lat' dir='ltr'><strong>Htiduer</strong></span> 
     </span>
     <span class='ocr_line' id='line_1_36' title="bbox 95 3806 1312 3881; baseline 0.001 -21"><span class='ocrx_word' id='word_1_333' title='bbox 95 3808 193 3861; x_wconf 85' lang='lat' dir='ltr'><strong>hatten</strong></span> <span class='ocrx_word' id='word_1_334' title='bbox 212 3808 272 3861; x_wconf 87' lang='lat' dir='ltr'><strong>sich</strong></span> <span class='ocrx_word' id='word_1_335' title='bbox 289 3807 414 3875; x_wconf 78' lang='lat' dir='ltr'><strong>augleich</strong></span> <span class='ocrx_word' id='word_1_336' title='bbox 429 3806 619 3875; x_wconf 86' lang='lat' dir='ltr'><strong>eingefunden.</strong></span> <span class='ocrx_word' id='word_1_337' title='bbox 731 3810 859 3881; x_wconf 82' lang='lat' dir='ltr'><strong>riiokten,</strong></span> <span class='ocrx_word' id='word_1_338' title='bbox 879 3825 909 3863; x_wconf 90' lang='lat' dir='ltr'><strong>so</strong></span> <span class='ocrx_word' id='word_1_339' title='bbox 920 3825 979 3862; x_wconf 80' lang='lat' dir='ltr'><strong>war</strong></span> <span class='ocrx_word' id='word_1_340' title='bbox 997 3808 1040 3862; x_wconf 86' lang='lat' dir='ltr'><strong>die</strong></span> <span class='ocrx_word' id='word_1_341' title='bbox 1054 3807 1251 3875; x_wconf 86' lang='lat' dir='ltr'><strong>Verteidigung</strong></span> <span class='ocrx_word' id='word_1_342' title='bbox 1263 3806 1312 3861; x_wconf 86' lang='lat' dir='ltr'><strong>des</strong></span> 
     </span>
     <span class='ocr_line' id='line_1_37' title="bbox 131 3870 1312 3965; baseline -0.001 -16"><span class='ocrx_word' id='word_1_343' title='bbox 131 3900 156 3949; x_wconf 83' lang='lat'><strong>2.</strong></span> <span class='ocrx_word' id='word_1_344' title='bbox 175 3896 207 3947; x_wconf 79' lang='lat' dir='ltr'><strong>in</strong></span> <span class='ocrx_word' id='word_1_345' title='bbox 218 3870 273 3948; x_wconf 66' lang='lat' dir='ltr'><strong>⁸illo</strong></span> <span class='ocrx_word' id='word_1_346' title='bbox 290 3876 505 3963; x_wconf 71' lang='lat' dir='ltr'><strong>maptctracoam</strong></span> <span class='ocrx_word' id='word_1_347' title='bbox 522 3901 676 3950; x_wconf 80' lang='lat' dir='ltr'><strong>controver·</strong></span> <span class='ocrx_word' id='word_1_348' title='bbox 731 3897 835 3965; x_wconf 82' lang='lat' dir='ltr'><strong>Lagers</strong></span> <span class='ocrx_word' id='word_1_349' title='bbox 849 3895 894 3949; x_wconf 85' lang='lat' dir='ltr'><strong>fiir</strong></span> <span class='ocrx_word' id='word_1_350' title='bbox 911 3896 953 3950; x_wconf 90' lang='lat' dir='ltr'><strong>die</strong></span> <span class='ocrx_word' id='word_1_351' title='bbox 969 3895 1236 3951; x_wconf 74' lang='lat' dir='ltr'><strong>zurilckhIeibendeu</strong></span> <span class='ocrx_word' id='word_1_352' title='bbox 1246 3896 1312 3949; x_wconf 82' lang='lat' dir='ltr'><strong>zuei</strong></span> 
     </span>
     <span class='ocr_line' id='line_1_38' title="bbox 94 3982 1311 4053; baseline 0.002 -17"><span class='ocrx_word' id='word_1_353' title='bbox 94 3984 147 4049; x_wconf 72' lang='lat' dir='ltr'><strong>sto,</strong></span> <span class='ocrx_word' id='word_1_354' title='bbox 167 3982 202 4037; x_wconf 85' lang='lat' dir='ltr'><strong>cf.</strong></span> <span class='ocrx_word' id='word_1_355' title='bbox 222 4000 244 4039; x_wconf 89' lang='lat' dir='ltr'><strong>o.</strong></span> <span class='ocrx_word' id='word_1_356' title='bbox 264 3987 306 4037; x_wconf 85' lang='grc'><strong>32.</strong></span> <span class='ocrx_word' id='word_1_357' title='bbox 327 3988 351 4037; x_wconf 85' lang='lat'><strong>3.</strong></span> <span class='ocrx_word' id='word_1_358' title='bbox 730 3984 871 4053; x_wconf 87' lang='lat' dir='ltr'><strong>Legionen</strong></span> <span class='ocrx_word' id='word_1_359' title='bbox 891 3985 1043 4050; x_wconf 87' lang='lat' dir='ltr'><strong>schwierig,</strong></span> <span class='ocrx_word' id='word_1_360' title='bbox 1062 3984 1118 4038; x_wconf 92' lang='lat' dir='ltr'><strong>und</strong></span> <span class='ocrx_word' id='word_1_361' title='bbox 1138 3984 1166 4037; x_wconf 85' lang='lat' dir='ltr'><strong>C.</strong></span> <span class='ocrx_word' id='word_1_362' title='bbox 1184 3984 1263 4049; x_wconf 74' lang='lat' dir='ltr'><strong>hhtte</strong></span> <span class='ocrx_word' id='word_1_363' title='bbox 1280 3999 1311 4038; x_wconf 87' lang='lat' dir='ltr'><strong>es</strong></span> 
     </span>
     <span class='ocr_line' id='line_1_39' title="bbox 130 4070 1312 4140; baseline 0 -15"><span class='ocrx_word' id='word_1_364' title='bbox 130 4076 155 4125; x_wconf 88' lang='lat'><strong>4.</strong></span> <span class='ocrx_word' id='word_1_365' title='bbox 175 4072 227 4125; x_wconf 80' lang='lat' dir='ltr'><strong>levi</strong></span> <span class='ocrx_word' id='word_1_366' title='bbox 249 4076 382 4128; x_wconf 76' lang='lat' dir='ltr'><strong>momento</strong></span> <span class='ocrx_word' id='word_1_367' title='bbox 410 4071 568 4138; x_wconf 80' lang='lat' dir='ltr'><strong>aestimare,</strong></span> <span class='ocrx_word' id='word_1_368' title='bbox 591 4070 677 4125; x_wconf 88' lang='lat' dir='ltr'><strong>durch</strong></span> <span class='ocrx_word' id='word_1_369' title='bbox 730 4088 1093 4140; x_wconf 84' lang='lat' dir='ltr'><strong>gernzusammengezogen,</strong></span> <span class='ocrx_word' id='word_1_370' title='bbox 1107 4089 1183 4126; x_wconf 87' lang='lat' dir='ltr'><strong>wenn</strong></span> <span class='ocrx_word' id='word_1_371' title='bbox 1197 4072 1312 4125; x_wconf 86' lang='lat' dir='ltr'><strong>dieZeit</strong></span> 
     </span>
     <span class='ocr_line' id='line_1_40' title="bbox 94 4157 1310 4227; baseline -0.006 -11"><span class='ocrx_word' id='word_1_372' title='bbox 94 4160 140 4216; x_wconf 87' lang='lat' dir='ltr'><strong>ein</strong></span> <span class='ocrx_word' id='word_1_373' title='bbox 154 4160 240 4214; x_wconf 87' lang='lat' dir='ltr'><strong>loicht</strong></span> <span class='ocrx_word' id='word_1_374' title='bbox 253 4158 406 4227; x_wconf 84' lang='lat' dir='ltr'><strong>wiegcndes</strong></span> <span class='ocrx_word' id='word_1_375' title='bbox 420 4159 677 4226; x_wconf 85' lang='lat' dir='ltr'><strong>Bewegungsmittel</strong></span> <span class='ocrx_word' id='word_1_376' title='bbox 731 4177 761 4215; x_wconf 86' lang='lat' dir='ltr'><strong>es</strong></span> <span class='ocrx_word' id='word_1_377' title='bbox 780 4160 889 4215; x_wconf 88' lang='lat' dir='ltr'><strong>erlaubt</strong></span> <span class='ocrx_word' id='word_1_378' title='bbox 914 4159 999 4215; x_wconf 77' lang='lat' dir='ltr'><strong>hatte.</strong></span> <span class='ocrx_word' id='word_1_379' title='bbox 1024 4188 1055 4197; x_wconf 90' lang='lat'>-</span> <span class='ocrx_word' id='word_1_380' title='bbox 1083 4159 1113 4217; x_wconf 82' lang='grc' dir='ltr'><strong>Ο.</strong></span> <span class='ocrx_word' id='word_1_381' title='bbox 1134 4158 1253 4211; x_wconf 78' lang='lat' dir='ltr'><strong>Fabiam</strong></span> <span class='ocrx_word' id='word_1_382' title='bbox 1268 4157 1310 4219; x_wconf 72' lang='lat' dir='ltr'><strong>‚le-</strong></span> 
     </span>
     <span class='ocr_line' id='line_1_41' title="bbox 96 4245 1046 4317; baseline -0.001 -17"><span class='ocrx_word' id='word_1_383' title='bbox 96 4249 272 4314; x_wconf 87' lang='lat' dir='ltr'><strong>(momentum</strong></span> <span class='ocrx_word' id='word_1_384' title='bbox 292 4268 323 4291; x_wconf 91' lang='lat'>=</span> <span class='ocrx_word' id='word_1_385' title='bbox 341 4245 541 4315; x_wconf 70' lang='lat' dir='ltr'><strong>monimentum)</strong></span> <span class='ocrx_word' id='word_1_386' title='bbox 560 4246 612 4300; x_wconf 89' lang='lat' dir='ltr'><strong>auf</strong></span> <span class='ocrx_word' id='word_1_387' title='bbox 628 4246 677 4301; x_wconf 89' lang='lat' dir='ltr'><strong>der</strong></span> <span class='ocrx_word' id='word_1_388' title='bbox 729 4254 834 4317; x_wconf 78' lang='lat' dir='ltr'><strong>patum,</strong></span> <span class='ocrx_word' id='word_1_389' title='bbox 853 4246 888 4305; x_wconf 85' lang='lat' dir='ltr'><strong>cf.</strong></span> <span class='ocrx_word' id='word_1_390' title='bbox 907 4246 939 4300; x_wconf 91' lang='lat' dir='ltr'><strong>V.</strong></span> <span class='ocrx_word' id='word_1_391' title='bbox 958 4249 1001 4300; x_wconf 84' lang='lat'><strong>24.</strong></span> <span class='ocrx_word' id='word_1_392' title='bbox 1021 4250 1046 4300; x_wconf 84' lang='lat'><strong>2.</strong></span> 
     </span>
    </p>
   </div>
   <div class='ocr_carea' id='block_1_10' title="bbox 0 0 1472 4750">
    <p class='ocr_par' dir='ltr' id='par_1_15' title="bbox 0 0 1472 4750">
     <span class='ocr_line' id='line_1_42' title="bbox 0 0 1472 4750; baseline 0 2"><span class='ocrx_word' id='word_1_393' title='bbox 0 0 1472 4750; x_wconf 95' lang='lat' dir='ltr'><strong> </strong></span> 
     </span>
    </p>
   </div>
  </div>
 </body>
</html>
