2934 4750
159 160 202 222 40
632 177 675 232 De
693 177 767 233 bello
785 179 899 234 Gallico.

176 314 313 397 aTigna
339 316 415 381 bina
444 320 677 401 sesquipedalia
698 321 837 402 paulum
869 323 909 386 ab
937 322 999 386 imo
1028 328 1203 404 praeacuta
1233 323 1389 388 dimensa

211 421 251 486 ad
274 421 474 488 altitudinem
496 425 634 491 fluminis
655 427 825 492 intervallo
850 427 964 510 pedum
989 429 1127 501 duorum,
1147 429 1230 493 iuter
1257 447 1295 494 se
1314 431 1389 494 iun·

177 525 317 606 agebat.
363 527 451 594 Haec
472 549 542 594 cum
565 531 849 598 machinationibus
871 533 1012 599 immissa
1035 533 1067 597 in
1091 531 1207 598 flumen
1225 532 1388 600 defixerat
1464 535 1465 586 l

212 629 394 715 fistucisque
425 635 585 718 adegerat,
612 656 675 702 nnn
704 637 846 704 sublicae
872 639 966 704 ruodo
995 638 1116 704 directe
1147 640 1187 705 ad
1211 641 1390 722 perpendi·

212 737 326 816 culum,
357 741 413 805 sed
441 759 542 823 praue
563 761 601 808 ac
624 741 784 826 fastigata,
816 751 853 809 ut
875 745 1047 809 secundum
1070 750 1218 810 naturam
1242 743 1390 810 fluminis
1464 729 1465 744 ³

177 851 193 903 t
212 845 463 926 procumberent,
488 847 536 912 his
559 850 636 913 item
658 850 822 916 centraria
840 850 902 914 duo
919 849 960 914 ad
976 849 1110 914 eundem
1126 851 1255 915 mudum
1273 851 1388 916 iuncta

211 948 381 1016 intervallo
408 951 525 1033 pedum
555 955 795 1037 quadragenum
823 955 864 1020 ab
890 954 1040 1020 inferiore
1063 962 1157 1037 parte
1179 963 1298 1022 coutsa
1322 957 1387 1020 vim

177 1060 308 1135 satque
329 1057 483 1138 impetum
507 1057 645 1125 fluminis
669 1079 822 1127 conversa
845 1061 1015 1126 statuebat.
1061 1061 1149 1127 Haec
1172 1067 1316 1142 utraque
1339 1063 1389 1127 in-

212 1177 308 1242 super
330 1163 529 1244 bipedalibus
551 1167 697 1232 trabibus
718 1169 878 1249 immissis,
907 1174 1062 1248 quantum
1084 1185 1193 1233 eurum
1215 1168 1386 1250 tignorum

212 1265 360 1332 iunctura
387 1270 536 1350 distabat,
570 1273 652 1338 biuis
681 1274 841 1356 utrimque
864 1273 968 1338 fibulis
992 1275 1196 1340 ab‘eutnema
1218 1278 1318 1357 parte
1343 1274 1389 1338 di·

180 1381 195 1430 7
214 1373 405 1453 stinebatur;
426 1377 542 1456 quibus
558 1378 704 1444 disclusis
719 1387 815 1461 atque
830 1380 865 1444 in
881 1380 1071 1445 contrariam
1087 1385 1213 1461 partem
1228 1380 1387 1444 revinctis

213 1485 305 1575 tanta
335 1487 404 1545 erat
435 1483 540 1563 aperis
568 1483 729 1551 firmitudo
756 1493 853 1568 atqua
883 1504 922 1550 ea
951 1504 1058 1551 rerum
1082 1492 1207 1564 natura,
1240 1492 1289 1567 ut,
1324 1503 1388 1567 qua

215 1587 315 1650 maior
337 1589 384 1652 vis
406 1606 508 1670 aquae
532 1607 567 1656 se
590 1591 795 1672 incitarisset,
826 1591 886 1658 hac
909 1593 1010 1656 artius
1033 1591 1156 1672 illigata
1180 1596 1385 1656 tenerentur.

163 1744 356 1753 ——-—-———-
359 1749 450 1755 ..AQ—

162 1848 744 1918 zwischeuKdluuudKablenz,vielleicht
797 1857 848 1910 rim
872 1863 953 1924 atque
971 1857 1101 1925 impetum
1121 1854 1267 1921 fluminis),
1295 1854 1386 1922 einge-

163 1937 191 1990 in
210 1936 261 1991 der
280 1939 391 2008 Gegeud
409 1958 462 1995 ran
479 1943 619 1998 Neuwied.
797 1949 904 2002 rammi.

200 2029 224 2080 3.
253 2025 344 2096 Tipea
369 2037 420 2084 etc¹
456 2031 492 2085 de
515 2033 581 2086 zuei
602 2036 654 2098 1¹12·
674 2032 744 2087 Fuis
833 2035 857 2086 6.
867 2031 1166 2099 Haccuiraqucetc.1n
1175 2028 1383 2084 dieZwischeu-

164 2114 260 2168 starlre
280 2117 492 2185 Baumstbmma,
511 2120 615 2174 welche
627 2120 658 2188 je
674 2121 745 2174 uach
798 2125 893 2174 tauma
907 2121 937 2188 je
956 2121 1053 2174 aweier
1072 2117 1382 2187 gegeudbersteheuden

164 2202 214 2257 der
232 2204 310 2279 Ticis
332 2205 381 2259 dea
399 2207 513 2262 Flusses
538 2224 591 2262 rou
609 2209 745 2264 verschie-
798 2207 966 2274 Piahlpuars
997 2207 1108 2262 wurden
1139 2210 1156 2259 2
1186 2206 1252 2260 Fui·
1286 2205 1382 2261 starkc

164 2293 247 2348 dener
263 2294 360 2362 Lange
375 2294 510 2362 (dimensa
522 2294 558 2349 ad
569 2296 743 2351 altitudinem
797 2295 894 2354 Holme
904 2295 1075 2364 singalasseu
1083 2295 1217 2363 (trabibus
1227 2293 1380 2362 immissis),

164 2381 293 2449 fluminis)
305 2384 361 2437 und
373 2384 471 2439 behuis
485 2385 533 2439 der
547 2385 745 2452 Einrammung
797 2384 899 2439 welche
926 2383 976 2439 auf
1004 2384 1237 2453 Verbandriegelu
1273 2384 1383 2438 ruhteu.

165 2486 207 2527 am
233 2482 350 2526 untersn
367 2472 447 2527 Eude
473 2474 628 2542 augespitat
653 2489 744 2527 waren
800 2472 892 2526 burch
906 2472 1007 2527 Balnea
1027 2471 1151 2540 (fibulis),
1171 2471 1277 2526 welche
1297 2468 1383 2525 durch

164 2560 286 2629 (paulum
306 2562 340 2614 ab
358 2561 411 2615 imo
432 2565 604 2630 praeacuta),
633 2562 744 2616 wurdeu
799 2561 841 2615 die
852 2561 1101 2617 Halmezubeiden
1112 2560 1203 2615 Sciteu
1220 2560 1272 2614 der
1286 2574 1383 2627 pegen-

165 2650 251 2705 durch
265 2650 436 2717 Querhblaer
454 2652 483 2705 iu
501 2648 745 2706 ciuem-Abstaude
798 2649 1020 2704 dbersteheudau
1034 2648 1201 2718 Pfahlpaare
1219 2644 1383 2717 (utrimque)

163 2756 216 2794 ron
235 2744 252 2793 2
271 2740 338 2795 Fuls
355 2739 521 2799 verbunden.
549 2769 584 2779 -
614 2738 745 2804 decessu,
799 2738 939 2805 getriaben
967 2754 1068 2806 waren,
1097 2736 1209 2791 wurden
1237 2736 1318 2791 disse
1341 2748 1383 2787 am

164 2828 316 2896 passivisch
335 2828 386 2883 wie
406 2829 441 2881 ll.
461 2830 502 2886 19.
522 2832 545 2882 5.
799 2828 901 2882 cheren
924 2826 1001 2880 Euda
1026 2826 1073 2893 (ab
1094 2833 1218 2879 extrema
1236 2822 1330 2893 parte)
1356 2822 1382 2874 in

199 2920 225 2969 4.
257 2915 337 2968 Hace
364 2924 416 2970 etc.
465 2916 547 2969 Dicae
578 2914 746 2984 Pfahlpaare
799 2916 932 2984 gleichem
956 2914 1100 2969 Abstauda
1125 2912 1264 2982 gehalteu.
1285 2940 1320 2953 -
1343 2909 1382 2962 bi-

164 3004 273 3058 wnrden
301 3004 386 3058 durch
406 3004 596 3061 mechanische
616 3006 747 3061 Varricb·
795 3004 944 3073 pedalibus
967 3001 1093 3057 trabibus
1117 3000 1244 3054 immissis
1271 3002 1309 3055 ist
1328 2995 1381 3052 abl.

163 3099 275 3160 tungeu,
303 3092 472 3166 welclmaui
487 3095 746 3163 zusammengelsap·
800 3093 868 3162 aba,
886 3090 1018 3147 wbhreud
1036 3090 1108 3145 binis
1126 3088 1217 3143 fibulis
1233 3088 1288 3143 abl
1301 3088 1379 3141 instr.

165 3180 746 3250 pelteuSchiffeuaufgestelltwareu,iudea
799 3182 843 3235 ist.
864 3206 897 3221 -··
916 3183 1067 3247 quautam.
1082 3218 1108 3235 ..
1125 3176 1245 3231 distabat
1263 3200 1299 3221 π
1319 3187 1381 3228 num

165 3268 746 3337 Finishiuabgclessenunddurchsssmmeu
800 3276 908 3324 tautum
927 3267 1055 3321 distabat.
1204 3308 1208 3315 .
1424 3327 1426 3331 ,

165 3357 747 3428 (betunia)dachsparreuibrmigffastigatai,
836 3362 859 3413 7.
878 3355 977 3425 quibus
995 3352 1122 3407 &scissis
1139 3360 1190 3409 etc.
1226 3351 1321 3406 Durch
1339 3346 1381 3401 die

166 3446 243 3500 nicht
266 3446 384 3500 letraeht
408 3447 457 3501 wie
481 3447 527 3501 ain
545 3445 747 3516 geudhuliclrer
800 3443 1022 3500 iunereuBolaen
1035 3441 1146 3496 wurdeu
1160 3441 1203 3494 die
1215 3434 1381 3507 Jochpidhle

166 3534 358 3601 Tragebullren
381 3534 446 3603 (non
466 3535 586 3591 sublicae
604 3535 696 3603 mado)
718 3536 747 3588 iu
801 3532 1112 3601 auseiuandergesperrt
1126 3528 1284 3597 (disclusis),
1298 3522 1380 3581 durch

167 3624 217 3677 das
235 3622 377 3677 Fluisbett
394 3622 543 3689 getriebeu.
569 3652 600 3661 -
625 3638 686 3675 cam
703 3622 747 3675 de·
801 3622 845 3676 die
880 3619 1011 3675 bussereu
1047 3620 1073 3673 iu
1109 3619 1380 3685 eutgegengeretmer

165 3713 266 3780 ficerat
278 3755 285 3769 .
299 3752 305 3765 .
319 3710 469 3779 ‚adsperal
481 3710 631 3780 „jedesmal
642 3710 747 3765 wanuh
801 3709 938 3775 Richtuug
962 3709 1001 3777 (iu
1025 3706 1193 3762 contrariam
1211 3712 1320 3774 partem
1339 3714 1379 3754 ra·

167 3788 242 3855 iiber
261 3800 309 3855 das
328 3800 456 3855 iterative
476 3816 537 3855 cum
556 3801 606 3853 ruit
625 3799 685 3853 dem
705 3799 748 3851 ln·
802 3798 912 3863 vinctis)
924 3792 1266 3863 zusammengerrehlcsen,
1280 3808 1310 3845 so
1322 3786 1379 3843 daia

168 3890 220 3944 dic.
239 3889 275 3944 ci.
293 3890 341 3942 Ill.
363 3891 447 3943 14.ι6.
804 3884 941 3940 dieselben
966 3884 1024 3938 sich
1048 3882 1139 3940 seder
1164 3882 1294 3946 saherus
1310 3874 1378 3931 noch

203 3981 229 4032 5.
246 3977 290 4031 bia
307 3977 370 4030 item
388 3984 439 4031 etc.
462 3980 498 4031 40
511 3976 578 4032 Fuis
591 3974 748 4031 reminis·
802 3971 1074 4040 auseinaudergeheu
1093 3971 1224 4025 kouuteu.
1238 3998 1271 4009 —
1284 3964 1379 4035 quibus
1464 3994 1465 4023 l

168 4066 237 4121 ende
252 4065 333 4133 jener
345 4064 512 4132 Pfuhlpeara
522 4052 635 4119 wardan
648 4070 748 4117 strom·
802 4061 909 4117 beaieht
936 4060 996 4115 sich
1022 4059 1072 4114 aui
1100 4059 1168 4114 haec
1196 4066 1320 4125 utraque.
1345 4076 1377 4091 ··

142 4223 144 4226 Ι
168 4155 286 4208 abwbrts
298 4153 472 4218 ehensolche,
488 4152 589 4221 jedoch
601 4168 689 4220 gegen
703 4150 748 4205 die
801 4164 893 4203 raram
904 4153 1009 4202 catara
1024 4148 1086 4217 „die
1099 4143 1319 4201 Beschaffenheit
1331 4138 1377 4193 des

169 4242 316 4310 Strdmang
328 4242 377 4297 des
390 4241 503 4295 Flussas
517 4242 627 4309 geueigt
639 4242 747 4307 (cauma
803 4236 938 4293 Ganzen“.
