2934 4750
127 280 129 283 Ι
168 192 209 250 42
639 203 681 270 Ile
701 204 774 259 bello
794 203 911 261 Gallico.

186 354 202 406 5
223 350 258 408 at
280 343 419 410 facinore
440 345 579 411 admisso
603 345 644 410 ad
667 325 837 410 sanitatem
854 346 971 411 reverti
995 345 1121 427 pudeat.
1171 344 1214 411 M.
1232 345 1386 410 Aristium

222 451 379 515 tribunum
404 451 538 515 militum
553 452 616 516 iter
631 451 673 514 ad
688 451 844 533 legionem
861 449 1028 516 facientem
1046 449 1106 516 fide
1123 451 1199 515 data
1215 470 1255 514 ex
1270 450 1386 533 oppido

221 553 385 621 Cabillono
402 557 553 636 educunt3
575 557 660 622 idem
675 556 783 640 iacere
798 563 916 638 cogunt
931 575 995 635 eos,
1020 557 1074 638 qui
1089 556 1273 638 negotiandi
1291 574 1387 621 causa

127 713 130 716 .
185 661 264 725 oibi
288 662 505 728 constiterant.
553 663 620 727 Hos
643 664 791 727 continuo
814 665 845 727 in
864 663 981 726 itinere
1005 663 1110 726 adorti
1126 663 1272 727 omnibus
1288 663 1386 743 impe-

221 767 367 831 dimentis
391 773 523 843 exuunt3
547 774 764 848 repugnantes
777 769 858 832 diem
871 774 1059 848 noctemque
1083 767 1244 846 obsident;
1276 767 1385 832 multis

220 873 379 955 utrimque
394 872 571 936 interfectis
586 873 738 937 maiorem
754 871 990 937 multitudinem
1004 878 1199 937 armatorum
1214 872 1385 936 concitant.

186 994 198 1041 1
326 983 378 1044 43.
418 978 549 1042 Interim
574 979 685 1044 nuntio
715 977 812 1043 allato
847 979 956 1043 omnes
980 996 1087 1043 eorum
1113 977 1228 1042 milites
1244 978 1278 1041 in
1294 983 1386 1058 pote-

220 1087 305 1147 state
316 1081 464 1148 Caesaris
475 1085 585 1164 teneri,
600 1090 792 1148 concurrunt
804 1084 846 1148 ad
859 1085 1023 1163 Aristium,
1039 1084 1117 1148 nihil
1128 1082 1253 1163 publico
1264 1080 1387 1146 lactum

185 1188 348 1253 scansilia
372 1188 606 1266 demonstrant3
630 1191 849 1270 quaestionem
871 1189 1016 1255 debonis
1042 1189 1174 1270 direptis
1199 1178 1386 1264 decernunt,

221 1293 373 1358 Litavicci
396 1292 593 1375 fratrumque
615 1295 699 1359 bona
722 1295 894 1375 publicant,
918 1295 1042 1376 legatos
1074 1295 1115 1358 ad
1139 1292 1311 1359 Caesarem
1336 1294 1388 1358 sui

94 1415 97 1451 1
186 1415 202 1465 3
221 1399 377 1480 purgandi
401 1401 506 1480 gratia
528 1401 668 1464 mittunt.
716 1399 802 1464 Haec
824 1399 946 1465 faciunt
963 1399 1239 1480 reciperandorum
1256 1417 1387 1464 suorum

222 1523 335 1587 causa;
359 1506 416 1570 sed
439 1506 644 1570 contaminati
666 1503 806 1570 facinore
830 1512 863 1571 et
886 1506 970 1586 capti
993 1505 1179 1586 compendio
1197 1523 1235 1569 ex
1252 1504 1386 1584 direptis

220 1611 321 1689 bonis,
350 1612 434 1692 quod
463 1629 502 1674 ea
530 1628 582 1675 res
612 1611 653 1674 ad
681 1611 797 1676 multos
831 1611 1022 1692 pertinebat,
1056 1621 1089 1674 et
1121 1611 1235 1675 timore
1264 1628 1388 1690 poenae

220 1717 364 1782 exterriti
398 1717 530 1781 consilia
563 1716 644 1780 clam
680 1717 720 1780 de
752 1716 834 1781 bello
869 1717 950 1781 inire
987 1717 1143 1797 incipiunt
1175 1717 1385 1795 civitatesque

184 1822 358 1903 ereliquas
382 1821 592 1901 legationibus
616 1821 797 1888 sollicitant.
845 1822 933 1900 Quae
958 1823 1087 1887 tametsi
1111 1821 1230 1886 Caesar
1260 1819 1386 1885 intelle-

220 1927 325 2008 gebat,
350 1933 466 2005 tamen,
491 1946 587 2008 quam
610 1928 775 1993 mitissime
797 1934 913 2008 potest,
937 1928 1058 2008 legatos
1076 1927 1231 2008 appellat:
1256 1925 1335 1990 nihil
1351 1943 1386 1988 se

221 2039 351 2114 propter
385 2033 585 2097 inscientiam
626 2033 850 2120 levitatemque
889 2033 975 2113 vulgi
1008 2035 1138 2114 gravius
1177 2033 1216 2096 de
1251 2032 1384 2096 civitate

220 2129 359 2213 iudicare
394 2156 495 2219 neque
532 2138 571 2202 de
600 2124 658 2202 sua
692 2139 725 2202 in
757 2138 906 2205 Haeduos
937 2139 1159 2204 benevolentia
1191 2138 1383 2201 deminuere.

181 2257 201 2306 -5
223 2245 293 2323 lpse
317 2244 466 2330 maiorem
490 2244 613 2309 Galliae
637 2251 758 2308 motum
782 2251 979 2325 exspectans,
1003 2263 1042 2307 ne
1066 2244 1106 2308 ab
1135 2244 1279 2307 omnibus
1310 2243 1385 2308 ciri-

223 2349 345 2413 tatibus
370 2350 665 2431 circumsisteretur,
690 2350 822 2415 consilia
844 2351 953 2430 inibat,
978 2349 1242 2432 quemadmodum
1264 2367 1284 2413 a
1308 2346 1385 2413 Ger-

188 2594 228 2681 '5.
246 2592 300 2645 iter
309 2592 347 2644 od
355 2592 485 2660 legionem
492 2593 644 2659 sociantem,
654 2593 751 2661 jeden·
805 2610 855 2649 aus
875 2596 925 2649 den
945 2594 1094 2663 geraubten
1114 2595 1220 2647 Gittern
1239 2610 1273 2647 zu
1289 2592 1386 2647 aiehen

168 2680 232 2734 falls
258 2681 307 2733 mit
337 2682 412 2735 einer
435 2679 584 2749 Abteilung
608 2682 750 2749 Soldaten‚
804 2682 971 2749 gedaohten;
992 2683 1059 2737 tiber
1073 2682 1121 2735 das
1131 2682 1332 2750 adjektivisahe
1350 2696 1386 2735 ex

168 2768 202 2823 el.
222 2769 238 2835 ἕ
257 2771 273 2821 6
292 2776 478 2837 repugnantes
498 2770 568 2823 diem
587 2780 750 2838 noctemque
805 2771 920 2838 direptis
934 2772 1012 2825 bonis
1026 2771 1060 2825 cf.
1074 2786 1096 2824 e.
1111 2774 1154 2825 12.
1173 2769 1385 2824 60enturiones

167 2856 303 2910 obsident.
316 2886 350 2895 —
361 2857 415 2923 (ide
433 2857 509 2923 data,
528 2859 749 2913 unterZusiehe-
803 2859 830 2911 iu
850 2859 958 2926 oppido.
977 2889 1011 2897 -
1031 2858 1103 2927 quod
1121 2874 1154 2911 eo
1173 2874 1215 2911 res
1233 2858 1271 2911 ad
1286 2858 1386 2911 nraltos

167 2961 240 3013 rung
262 2944 351 2999 freien
377 2946 506 3003 Geleites.
531 2976 563 2985 -
589 2961 623 2999 ea
647 2946 748 3013 oppido
798 2947 963 3013 pertinebat,
982 2948 1043 3000 weit
1058 2948 1137 3001 ¹niele
1156 2945 1309 3000 Kaufleate
1332 2962 1386 2999 von

169 3032 327 3098 Cabillono,
358 3034 419 3087 eine
448 3034 528 3088 Stadt
552 3034 602 3088 der
627 3034 748 3100 Hadner,
804 3034 851 3089 der
889 3035 1067 3103 Plttnderung
1108 3034 1245 3088 betroffen
1284 3049 1385 3102 waren,

82 3141 101 3182 χ
167 3121 249 3174 heute
278 3121 399 3175 Chalons
427 3136 476 3176 sur
504 3122 601 3177 Saone.
626 3152 657 3161 -
678 3121 748 3175 idern
803 3122 859 3175 und
890 3121 1003 3177 deshalb
1035 3122 1079 3177 die
1108 3118 1196 3177 Beate
1221 3122 1298 3189 grols
1327 3124 1385 3176 sein

166 3209 265 3275 facere,
285 3210 344 3265 scil.
363 3214 450 3266 exire.
634 3226 637 3230 ·
802 3210 911 3263 mulste.

201 3298 248 3353 43.
275 3303 298 3352 1.
317 3314 410 3352 eoram
428 3300 544 3365 milites,
569 3307 676 3354 anstatt
699 3300 747 3355 des
837 3302 861 3351 5.
882 3298 916 3351 ab
943 3291 1096 3367 Gergovia,
1124 3299 1192 3353 iiber
1217 3298 1262 3351 die
1282 3298 1385 3365 Prapo·

167 3403 202 3439 zu
220 3387 407 3441 erwarteuden
436 3402 500 3443 suos
524 3388 641 3452 milites,
669 3387 703 3441 of.
723 3404 746 3443 c.
804 3387 886 3440 sition
905 3387 948 3440 bei
966 3386 1161 3440 Stadtenamen
1180 3385 1214 3440 cl.
1234 3385 1267 3439 E.
1287 3384 1313 3439 S.
1335 3390 1385 3440 177

169 3478 192 3529 1.
211 3476 236 3526 6.
256 3502 286 3511 -
307 3474 419 3541 publico
442 3474 554 3527 canalio
573 3498 608 3518 =
627 3476 748 3530 civitatis
803 3478 881 3535 Anm.
901 3480 926 3528 2.
947 3474 973 3528 S.
988 3474 1032 3527 W.
1048 3476 1099 3528 198
1118 3473 1181 3529 Zus.
1196 3478 1220 3527 2.
1235 3504 1268 3512 —
1283 3490 1385 3527 omnen

167 3560 291 3619 oonsilio.
803 3564 949 3616 coercitam
993 3564 1184 3629 contraderet,
1230 3578 1261 3617 er
1296 3564 1385 3618 wollte

201 3654 227 3706 2.
245 3649 341 3717 pratia
362 3650 414 3704 mit
439 3650 487 3703 der
510 3651 647 3705 Fanktion
673 3653 749 3707 einer
803 3652 879 3705 seine
905 3652 986 3705 seohs
1013 3651 1151 3719 Legionem
1171 3651 1220 3705 mit
1246 3651 1298 3705 den
1327 3652 1384 3705 vier

166 3737 346 3805 Praposition
370 3737 456 3791 findet
490 3739 548 3791 sich
571 3739 614 3793 bei
640 3740 668 3794 0.
696 3755 748 3793 nur
802 3739 950 3807 Legionem,
963 3739 1065 3793 welche
1078 3754 1109 3792 er
1122 3746 1203 3793 anter
1214 3738 1274 3792 dem
1286 3739 1384 3793 Beiehl

167 3826 226 3879 hier
244 3843 270 3879 u.
289 3826 314 3878 b.
339 3841 363 3879 c.
381 3826 416 3883 ll.
434 3828 459 3880 7.
483 3830 512 3893 33
536 3827 571 3882 cl.
598 3828 642 3881 lV.
670 3831 710 3881 13.
730 3831 747 3881 5
802 3828 850 3881 des
868 3827 1006 3881 Labienus
1025 3827 1054 3879 in
1073 3826 1121 3879 das
1139 3826 1218 3880 Land
1237 3826 1287 3880 der
1306 3828 1383 3881 Pari-

167 3914 210 3966 sui
228 3913 365 3981 purgandi
384 3930 477 3971 cansa.
804 3916 859 3970 sier
888 3915 1029 3983 geschiclst
1058 3915 1133 3969 hatte
1158 3914 1204 3978 (cf.
1229 3931 1252 3969 o.
1278 3918 1321 3969 34.
1347 3914 1381 3983 2),

202 4005 226 4055 3.
245 4001 427 4073 contaminati
443 4003 581 4068 facinore,
605 4002 748 4057 schuldbe·
804 4004 969 4070 vereinigen.
987 4032 1022 4041 -
1039 4019 1075 4078 ne
1088 4003 1223 4070 profectio
1243 4043 1249 4055 .
1269 4002 1383 4056 ..vide-

83 4145 85 4149 ,
137 4088 249 4152 ¹ileokt
267 4080 323 4143 uod
340 4090 699 4157 augleichschnldbewalst.
713 4120 748 4130 -
802 4096 892 4156 retur,
919 4092 1028 4145 bezieht
1052 4092 1110 4145 sich
1133 4090 1184 4144 anf
1204 4105 1221 4143 a
1239 4090 1384 4158 Gergovia

168 4176 245 4243 capti
272 4178 427 4245 compendio
453 4194 487 4231 ex
517 4179 635 4246 direptis
662 4179 747 4245 bonis,
802 4180 964 4233 discederet.
996 4209 1028 4263 ᾗ
1061 4185 1131 4233 nato
1165 4195 1183 4231 o
1215 4178 1327 4244 timore,
1355 4178 1385 4231 cl

167 4264 315 4331 geblendet
334 4265 418 4319 durch
433 4266 484 4320 den
498 4266 620 4329 Gewinn,
641 4266 692 4321 den
706 4267 747 4320 sie
801 4267 874 4321 Vlll.
893 4270 936 4321 48.
956 4270 972 4321 9
992 4268 1026 4321 ab
1044 4268 1117 4321 iusto
1136 4266 1212 4321 nasci
1231 4266 1339 4320 timore.
