2934 4750
182 239 224 298 54
657 249 697 301 lle
716 247 787 301 bello
808 246 921 302 Gallico.

199 401 216 454 s
235 409 369 473 maguae
378 410 417 455 ex
423 389 565 455 finitimis
578 389 758 454 civitatibus
772 389 880 470 copiae
895 392 1121 455 convenerunt.
1135 385 1267 450 Summa
1276 386 1400 466 imperii

138 536 142 544 ι
209 579 212 584 ¹
233 496 373 560 traditur
396 494 613 576 Camulogeno
637 494 780 573 Aulercq
804 493 859 574 qui
874 511 973 575 prope
988 490 1147 558 conlectus
1164 497 1273 556 aetate
1290 496 1399 555 tamen

234 607 364 683 propter
386 597 577 680 singularem
602 601 768 691 scientiam
791 599 838 664 rei
861 599 1006 662 militaris
1027 596 1070 661 ad
1093 615 1165 662 eum
1182 601 1232 661 est
1247 596 1399 662 honorem

198 713 396 771 levocatns.
440 706 473 770 Is
507 724 580 770 cum
611 705 888 784 animadvertisset
920 708 1108 784 perpetuam
1139 719 1209 766 esse
1241 701 1404 782 paludem,

234 828 315 891 quae
330 810 476 897 influeret
491 811 524 874 iu
538 809 719 891 Sequanam
736 815 832 890 atque
847 809 936 873 illum
949 825 1071 873 omnem
1088 806 1191 872 locum
1208 824 1404 890 magnopere
1423 807 1425 812 '

177 1002 179 1005 Ι
233 916 409 997 impediret,
434 914 485 981 hic
513 916 656 980 consedit
677 919 866 996 nostrosque
896 914 1036 979 transitu
1057 913 1224 994 prohibere
1246 912 1397 978 instituit.

201 1036 214 1084 1
341 1025 392 1088 58.
430 1021 590 1086 Labienus
613 1021 715 1102 primo
738 1021 848 1085 vineas
871 1036 977 1100 agere,
1002 1018 1141 1083 cratibus
1165 1024 1262 1099 atque
1279 1035 1401 1099 aggere

114 1130 116 1133 ’
199 1125 384 1206 apulodem
406 1126 533 1208 explere
560 1132 655 1207 atque
685 1125 748 1191 iter
777 1125 901 1190 munire
932 1124 1116 1191 conabatur.
1163 1122 1337 1204 Postquam
1368 1122 1401 1186 id

144 1284 149 1292 .
222 1229 392 1302 difficilius
415 1231 544 1296 confieri
569 1231 804 1310 animadvertit,
831 1229 955 1295 silentio
978 1248 996 1293 e
1024 1229 1136 1294 castris
1165 1229 1264 1293 tertia
1291 1227 1405 1309 vigilia.

200 1342 384 1417 segressus
406 1337 527 1417 eodem,
549 1355 611 1417 quo
635 1343 775 1416 venerat,
798 1337 913 1401 itinere
938 1333 1147 1400 Metiosedum
1171 1333 1327 1416 pervenit.
1364 1331 1400 1396 ld

120 1472 123 1476 ·
236 1446 285 1505 est
306 1443 455 1523 oppidum
479 1443 636 1508 Senonum
665 1443 697 1507 in
727 1441 831 1506 insula
858 1439 1023 1521 Sequanae
1051 1440 1200 1520 positum,
1233 1447 1269 1502 ut
1303 1437 1403 1518 paulo

199 1551 310 1611 cante
333 1549 372 1612 de
394 1548 522 1612 Lutetia
546 1548 690 1614 diximus.
748 1545 959 1628 Deprehensis
986 1545 1120 1610 navibus
1138 1545 1278 1610 'circiter
1309 1543 1402 1623 quin-

234 1652 388 1733 quaginta
411 1654 618 1734 celeriterque
642 1652 816 1718 coniuuctis
838 1657 935 1731 atque
959 1667 996 1716 eo
1027 1649 1180 1714 militibus
1210 1649 1338 1713 iniectis
1369 1655 1425 1730 et„

156 1817 159 1821 ,
235 1758 280 1822 rei
302 1758 444 1822 novitate
467 1758 647 1838 perterritis
671 1757 849 1839 oppidanis,
872 1773 1006 1836 quorum
1030 1773 1152 1836 magna
1171 1771 1245 1834 pars
1268 1759 1343 1818 erat
1359 1753 1400 1817 ad

199 1875 217 1924 s
235 1861 351 1926 bellum
368 1869 509 1942 evocata,
534 1863 602 1928 sine
619 1863 821 1928 contentione
835 1861 950 1943 oppido
967 1861 1097 1941 potitur.
1144 1857 1275 1924 Refecto
1290 1864 1401 1940 ponte,

235 1986 330 2048 quem
352 1968 574 2048 superioribus
592 1968 702 2034 diebus
718 1967 825 2033 hostes
841 1966 1045 2044 resciderunt,
1062 1965 1237 2030 exercitum
1253 1964 1402 2029 traducit

200 2081 268 2136 set
289 2073 427 2138 secundo
450 2071 578 2138 flumine
600 2074 642 2138 ad
665 2074 824 2138 Lutetiam
847 2072 909 2137 iter
932 2070 1038 2136 facere
1063 2071 1177 2152 coepit.
1224 2069 1342 2135 Hostes
1364 2087 1403 2133 re

235 2179 425 2258 cognitaab
448 2180 495 2259 iis
521 2179 575 2260 qui
599 2179 775 2244 Metiosedo
799 2177 954 2260 fugerant,
979 2177 1140 2241 Lutetiam
1163 2176 1292 2241 incendi
1321 2195 1400 2257 pon·

235 2290 347 2364 tesque
369 2285 436 2348 eius
460 2285 567 2366 oppidi
589 2285 726 2350 rescindi
753 2284 880 2360 iubent;
909 2283 969 2364 ipsi
997 2281 1131 2364 profecti
1162 2301 1181 2346 a
1208 2280 1327 2363 palude
1357 2281 1400 2345 ad

236 2389 321 2474 ripas
330 2388 496 2470 Sequanae
508 2409 526 2455 e
538 2392 667 2478 regione
676 2391 824 2455 Lutetiae
837 2394 944 2455 contra
957 2387 1090 2454 Labieni
1101 2396 1206 2453 castra
1218 2387 1400 2453 considunt.

198 2635 242 2684 -4,
254 2634 767 2701 perpetuumceccpuladcm,derTbal·
819 2632 900 2687 Stadt
916 2634 1106 2688 'Melodunurn
1150 2632 1217 2685 Hier
1240 2630 1295 2685 will
1319 2632 1401 2685 Labi-

180 2718 332 2785 grundder
341 2720 478 2789 Rauenna,
489 2722 591 2777 welche
602 2723 645 2775 bei
657 2722 763 2777 corbeil
818 2736 884 2775 enus
904 2718 946 2776 die
960 2722 1038 2776 Seiae
1059 2721 1268 2774 dharschreiten
1281 2736 1308 2774 u.
1326 2721 1402 2773 daun

182 2806 345 2861 indieSeiue
354 2809 472 2864 mundet.
490 2810 534 2863 Zu
544 2809 604 2863 dem
613 2810 764 2864 Ausdrnck
817 2807 866 2863 aul
888 2808 947 2862 dem
976 2810 1086 2863 rechten
1110 2807 1177 2862 Uter
1208 2808 1256 2862 des'
1284 2806 1403 2861 Flusses

181 2895 267 2962 vergl.
287 2896 334 2951 VI.
360 2899 385 2951 δι
406 2899 423 2949 4
446 2898 588 2966 perpetuis
610 2898 763 2965 paludibus,
816 2895 886 2950 nach
917 2883 1151 2963 Uberschreitung
1188 2896 1237 2950 der
1260 2896 1399 2949 »Manena

182 2983 269 3036 nostr
281 2985 350 3037 auch
363 2986 390 3037 in
402 2985 559 3040 demselben
570 2986 651 3039 Sinne
662 2985 708 3040 VI.
719 2990 762 3041 31.
815 2984 885 3038 nach
897 2984 1003 3039 Lutetia
1015 2984 1159 3051 gelangen‚
1172 3000 1217 3036 um
1230 2984 1307 3037 diese
1317 2982 1404 3037 Stude

183 3074 237 3148 211.
247 3069 565 3129 Illasacontineutes
577 3072 692 3141 paludes
705 3074 764 3127 sich
818 3087 870 3125 vou
890 3072 939 3125 der
957 3071 1106 3126 Nordseite
1124 3087 1175 3125 ans
1194 3070 1382 3139 auzugreifen.

63 3218 68 3229 ¹
182 3157 276 3213 findet.
310 3187 345 3198 -
380 3159 522 3227 impediret
549 3161 764 3229 „unzuganglich
852 3165 877 3213 4.
898 3175 927 3211 co
957 3182 989 3204 =
1013 3161 1040 3213 iu
1064 3174 1124 3227 eos,
1153 3158 1187 3213 cf.
1211 3158 1232 3211 t
1259 3162 1302 3213 42.
1329 3162 1403 3212 deo

183 3248 324 3301 macben“.
360 3248 439 3301 Auch
458 3249 599 3317 Napoldon
623 3248 644 3303 Ι.
669 3248 763 3304 stellte
817 3248 897 3313 l=in
915 3262 964 3301 eos
989 3250 1086 3315 equos)
1111 3247 1275 3315 legionarios
1295 3246 1403 3299 milites

185 3335 253 3387 1814
271 3335 330 3388 hier
353 3336 412 3389 sein
429 3336 505 3390 Heer
526 3337 588 3403 cul,
612 3329 658 3390 um
676 3338 762 3405 jeden
816 3377 850 3392 ..
869 3378 876 3392 .
895 3340 1052 3409 imponere„
1071 3365 1104 3375 -
1128 3334 1235 3389 dometio
1262 3342 1332 3389 statt
1351 3335 1403 3389 des

183 3421 295 3487 Angriff
318 3438 371 3476 von
399 3422 486 3477 Oeten
514 3424 564 3477 her
593 3440 628 3477 uu
654 3425 762 3478 verbin·
815 3425 1051 3495 gewdhulicheren
1061 3424 1206 3493 impositis,
1225 3440 1269 3476 um
1280 3424 1324 3478 die
1336 3423 1403 3476 Eile

182 3507 258 3563 cem.
816 3532 850 3571 au
867 3514 1040 3570 bezeichnen.

217 3596 261 3650 58.
301 3601 324 3652 1.
342 3596 436 3649 otacus
450 3614 538 3666 apere,
553 3601 601 3651 mil
614 3600 696 3655 Htllfe
708 3617 762 3654 von
853 3606 877 3655 o.
895 3600 1013 3656 eeucado
1024 3600 1134 3667 flumine
1152 3600 1402 3668 „stromabwtrts“,

181 3682 424 3750 Laulganghdtteu
443 3685 523 3739 sollte
536 3687 580 3741 ein
590 3687 661 3755 Weg
673 3687 762 3742 durch
817 3690 939 3757 dagegen
964 3706 987 3743 c.
1017 3691 1060 3743 60.
1085 3692 1101 3742 3
1129 3688 1246 3744 adverso
1276 3686 1397 3753 flumine,

182 3768 227 3824 die
239 3771 335 3824 Moore
347 3772 467 3837 gebahut
478 3775 594 3830 werden.
607 3805 640 3815 —
654 3791 762 3845 aggere,
817 3774 1079 3845 „stromaufutrts“.

182 3857 230 3909 mit
249 3856 420 3913 Dammerde.
482 3889 485 3894 ·
790 3898 791 3901 =
851 3868 875 3917 6.
895 3864 932 3917 ad
941 3864 1020 3937 apos
1034 3862 1186 3931 Segusione,
1197 3863 1402 3931 Camulogenus

217 3946 243 3997 2.
262 3943 762 4008 conficrt=conficiliudetsichnur
816 3952 869 4019 gab
897 3952 973 4006 seine
999 3952 1123 4019 Stelluug
1150 3968 1185 4005 an
1214 3952 1274 4007 dem
1303 3952 1401 4007 liuken

182 4030 241 4083 hier
259 4030 351 4097 heic„
370 4032 404 4087 cl.
424 4034 457 4087 E.
471 4034 497 4089 S.
517 4038 577 4091 104,
590 4036 761 4093 AnmSW.
816 4039 884 4093 Uler
904 4040 951 4094 der
970 4038 1097 4093 Essonne
1114 4039 1164 4093 aul
1180 4039 1236 4093 und
1255 4040 1338 4093 uahm
1351 4042 1404 4093 aut

185 4121 242 4173 130.
261 4122 286 4175 5.
305 4119 372 4177 Zus.
389 4126 415 4175 2.
435 4151 469 4160 -
487 4124 571 4176 tertio
588 4124 695 4190 uigilia,
715 4142 761 4177 um
816 4128 876 4181 dem
896 4128 990 4182 liulien
1014 4127 1082 4183 Uler
1105 4129 1153 4182 der
1177 4128 1258 4182 Scine
1283 4130 1404 4183 Lutetia

181 4204 367 4261 lditternacht.
387 4239 420 4249 -
439 4210 621 4265 Metiosedum
643 4211 762 4281 (Melon)
815 4215 971 4284 gegeudher
990 4215 1016 4283 (e
1037 4217 1150 4283 regiona
1174 4216 1313 4286 Lutetiae]
1340 4220 1404 4273 eiue

179 4290 261 4361 Stadt
280 4294 329 4350 der
349 4296 484 4381 Senonem
508 4305 603 4367 apator
627 4300 698 4355 hiels
717 4302 761 4355 die
814 4297 885 4357 neue
901 4304 1149 4373 Defensivstellung
1168 4306 1219 4359 ein.
