2934 4750
512 183 514 186 ’
561 184 662 238 Gomm.
683 137 757 237 ultr.
776 185 888 238 37-40.
1185 186 1187 190 ’
1267 170 1327 229 lll

109 316 228 398 Gallia
243 345 306 390 non
329 326 390 391 sibi
422 327 505 391 vires
536 324 676 392 defuisse
709 326 750 390 ad
781 324 994 389 resistendum
1027 322 1186 402 Romanis
1221 322 1277 388 sed

24 421 28 428 ⁴
115 413 340 509 constantiam*
351 437 489 512 putaret,
506 450 586 496 neve
600 431 661 496 hoc
678 430 822 512 exemplo
838 420 962 495 ceterae
976 428 1121 494 civitates
1133 429 1274 494 locorum

115 538 350 620 opportunitate
372 537 475 602 fretae
498 555 532 601 se
554 538 750 602 vindicarent
772 536 804 601 in
826 535 1018 614 libertatem,
1044 553 1114 599 cum
1131 535 1276 601 omuibus
1296 547 1311 598 3

116 642 217 708 Gallis
241 648 351 707 notum
374 661 445 708 esse
467 643 566 707 sciret
587 642 743 723 reliquam
777 659 846 708 esse
882 659 977 704 unam
1012 644 1168 704 aestatem
1201 657 1278 704 suae

68 801 74 810 .
115 749 305 830 provinciae,
328 767 423 828 quam
448 749 476 812 si
488 750 645 829 sustinere
657 747 847 829 potuissent,
871 746 993 810 nullum
1007 745 1277 826 ultrapericulum

115 859 312 920 vererentur.
359 855 471 935 ltaque
487 854 523 931 Q.
541 851 693 925 Calenum
708 853 849 935 legatum
866 871 936 917 cum
949 852 1126 932 legionibus
1142 851 1278 932 reliquit,
1297 865 1313 916 4

69 1030 73 1036 ,
116 960 170 1040 qui
192 960 285 1024 iustis
308 960 474 1024 itineribus
498 978 532 1024 se
555 961 816 1041 subsequeretur;
841 957 908 1040 ipse
933 960 1004 1023 curu
1024 959 1108 1023 omni
1125 957 1277 1038 equitatu,

115 1083 211 1146 quam
233 1071 341 1146 potest
363 1065 536 1145 celerrime,
560 1066 602 1129 ad
625 1063 792 1130 Caninium
816 1063 990 1129 contendit.

42 1169 45 1175 '
111 1169 114 1174 ’
222 1175 275 1236 40.
311 1169 429 1236 Caesar
452 1189 523 1236 cum
554 1176 664 1239 contra
692 1171 959 1252 exspectationem
974 1169 1124 1233 omnium
1152 1166 1311 1234 Uxellor

117 1276 236 1341 dunum
259 1278 398 1341 venisset
421 1278 633 1359 oppidumque
657 1277 806 1358 operibus
837 1276 980 1340 cladsum
1012 1275 1280 1339 animadverteret

115 1399 219 1462 neque
243 1382 284 1446 ab
307 1383 544 1464 oppugnatione
574 1383 682 1447 recedi
711 1382 836 1447 videret
866 1375 931 1446 ulla
964 1381 1147 1446 condicione
1175 1397 1277 1461 posse,

116 1505 235 1570 magna
259 1491 364 1552 autem
388 1489 478 1571 copia
505 1487 655 1553 frumenti
686 1488 851 1552 abundare
874 1487 1049 1569 oppidanos
1078 1505 1115 1550 ex
1140 1483 1278 1566 perfugis
1388 1480 1390 1484 ’

118 1600 294 1674 cognosset,
323 1613 407 1674 aqua
441 1594 610 1675 prohibere
638 1593 763 1659 hostem
792 1598 952 1675 temptare
984 1593 1096 1675 coepit.
1143 1581 1313 1655 Flumena

96 1696 257 1763 infimam
279 1699 395 1763 vallem
419 1700 587 1778 dividebat,
611 1685 692 1781 quae
716 1705 818 1764 totum
841 1717 942 1781 paene
966 1703 1104 1762 montem
1121 1695 1278 1778 cingebat,
1298 1735 1300 1739 -

117 1804 148 1868 in
172 1815 234 1885 quo
254 1806 393 1892 positum
410 1809 480 1870 erat
497 1812 701 1895 praeruptum
714 1805 853 1887 undique
870 1804 1019 1886 oppidum
1034 1802 1277 1870 Uxellodunum.

98 1909 190 1998 *Hoc
213 1913 359 1974 avertere
381 1911 443 1976 loci
465 1916 581 1975 natura
604 1911 809 1993 prohibebat3
825 1899 876 2004 'in‘
889 1907 1003 1974 infimis
1028 1909 1110 1972 enim
1127 1909 1171 1996 sic
1193 1907 1278 1970 radi·
1298 1920 1314 1969 3

7 2055 11 2060 .
119 2015 208 2080 cibus
230 2015 346 2079 montis
373 2013 544 2096 ferebatur,
574 2022 610 2079 ut
640 2015 760 2079 nullam
786 2016 820 2079 in
847 2020 971 2096 partem
1001 2013 1160 2095 depressis
1188 2011 1279 2078 fossis

118 2120 255 2196 derivari
277 2127 395 2203 posset.
441 2121 521 2185 Erat
542 2126 649 2186 autern
674 2121 842 2202 oppidanis
865 2118 998 2185 difficilis
1022 2126 1055 2184 et
1086 2124 1279 2203 praeruptus
1298 2130 1315 2180 4

104 2214 156 2290 ¹eo
172 2221 359 2306 descensus,
384 2232 421 2290 ut
443 2226 683 2308 prohibentibus
707 2227 826 2292 nostris
848 2227 916 2290 sine
937 2224 1122 2289 vulneribus
1143 2242 1181 2288 ac
1197 2224 1280 2304 peri·

86 2326 89 2330 ’
119 2329 189 2398 culo
212 2316 426 2414 vitae'neque
448 2332 538 2397 adire
561 2329 681 2397 fiumen
701 2349 803 2413 neque
820 2332 919 2397 arduo
936 2349 970 2395 se
986 2331 1127 2412 recipere
1151 2334 1282 2411 possent

118 2454 262 2503 ascensu.
310 2437 380 2514 Qua
418 2436 605 2503 difficultate
643 2456 753 2503 eorum
788 2439 916 2520 cognita
951 2436 1070 2502 Caesar
1106 2432 1315 2517 sagittariiss

18 2572 22 2581 ·
61 2586 69 2596 ·
119 2541 394 2623 funditoribusque
429 2543 602 2626 dispositis,
641 2545 809 2627 tormentis
844 2546 940 2608 etiam
975 2543 1165 2625 quibusdam
1202 2542 1279 2607 locis

119 2654 231 2714 contra
253 2646 425 2738 facillimos
443 2648 612 2714 descensus
636 2650 799 2715 collocatis
823 2668 906 2731 aqua
929 2647 1066 2713 fluminis
1089 2647 1281 2730 prohibebat

120 2754 304 2835 oppidanos.
324 2825 329 2835 ,

156 2933 180 2982 3.
209 2927 342 2995 reliquam
369 2945 425 2981 ease
457 2945 543 2982 auom
570 2904 700 2981 aestatem
755 2942 764 2958 ·¹
788 2914 1334 2995 40.lupuoprohibarohostemtcmptore

17 3034 20 3040 ’
117 3032 187 3102 'suae
200 3010 371 3082 prouinciae,
392 3016 451 3070 dass
470 3016 529 3070 dem
550 3017 635 3069 Cesar
655 3016 699 3070 die
753 3018 854 3084 coepit,
883 3017 932 3071 der
951 3015 1071 3070 Infinitir
1096 3016 1166 3070 nach
1192 3023 1334 3083 temptare,

122 3103 381 3157 Statthalterscha'st
414 3105 575 3171 (provincia,
609 3104 644 3158 of.
676 3122 698 3159 c.
754 3107 802 3161 der
826 3107 886 3161 sich
908 3106 980 3160 auch
1003 3106 1050 3160 bei
1071 3105 1178 3159 Cornel.
1203 3105 1289 3158 Attio.
1307 3108 1334 3159 4.

122 3194 164 3245 35.
183 3193 212 3257 2)
230 3191 386 3257 abgesehen
405 3207 455 3245 ron
474 3192 534 3245 dem
547 3193 699 3259 damatigen
754 3200 770 3249 2
790 3194 840 3261 Qui
859 3210 920 3249 cum
930 3194 1096 3263 persuadere
1115 3198 1262 3261 temptaret
1275 3194 1333 3247 sich

122 3274 245 3333 Sommer
270 3295 295 3332 a.
321 3283 354 3333 51
375 3297 426 3333 nur
449 3282 520 3335 noch
544 3280 596 3334 den
621 3282 700 3335 einen
754 3282 848 3349 findet,
866 3284 904 3336 ist
915 3282 1039 3351 poetisch
1048 3283 1105 3335 und
1114 3281 1334 3348 uachklassisoh,

122 3366 245 3421 Sommer
266 3367 313 3421 des
332 3368 434 3421 Jahres
454 3371 489 3422 50
507 3397 541 3405 —
562 3369 619 3422 dies
643 3386 700 3422 war
755 3371 789 3428 cf.
803 3372 860 3425 Liv.
874 3370 987 3425 XXXII.
998 3374 1039 3424 21.
1052 3373 1084 3424 10
1098 3386 1158 3423 cum
1171 3376 1335 3436 temptasset

123 3456 165 3509 die
177 3455 308 3523 Meinuug
319 3454 572 3528 derSe'uatspartei,
583 3457 617 3510 cf.
630 3460 672 3511 53.
686 3463 700 3510 1
754 3468 879 3514 nostram
893 3447 1061 3513 iuventutem
1071 3459 1135 3512 binc
1148 3460 1176 3510 in
1195 3457 1335 3511 Euboeam

25 3584 30 3591 .
123 3573 154 3581 -
180 3543 302 3616 zustehe.
328 3572 361 3580 -
388 3559 469 3609 quam
493 3544 550 3597 scil.
570 3551 700 3598 aestatem
735 3549 912 3611 ‚extrahere

86 3627 88 3630 ’
123 3631 186 3689 d.·h.
206 3631 259 3685 den
272 3631 366 3699 Krieg,
385 3629 437 3685 den
457 3632 505 3686 der
517 3632 639 3686 Sommer
654 3633 701 3702 des
791 3640 816 3690 2.
853 3636 978 3701 Flumen,
1017 3635 1059 3688 die
1096 3634 1272 3699 Tourmente.
1302 3662 1334 3671 -

9 3743 12 3748 ·
122 3719 223 3772 Jahres
243 3722 277 3771 50
295 3719 410 3785 bringen
430 3720 542 3774 konnte.
752 3730 935 3791 praeruptum
954 3724 1074 3790 undique
1092 3722 1237 3790 oppidum,
1258 3722 1292 3777 of,
1313 3739 1335 3776 c.

158 3809 182 3861 4.
203 3805 234 3874 Q.
262 3806 391 3859 Cultura-m
414 3807 545 3875 deputam,
577 3809 702 3862 derselbe
757 3815 842 3869 33.1.

78 3927 81 3933 -
109 3895 195 3966 ¹blicb
207 3895 276 3948 auch
286 3895 530 3963 imBurgerkriege
544 3897 604 3949 dem
618 3891 703 3951 Obsar
740 3950 741 3955 ,
793 3904 817 3953 3.
834 3899 982 3965 ferebatur,
1013 3896 1138 3966 htufiger
1174 3914 1235 3952 vom
1263 3897 1339 3951 Laus

84 4011 87 4022 ·
123 3982 312 4053 trcu,‚wurde
334 3986 369 4035 47
388 3974 574 4036 Kousui'und
599 3983 702 4037 sehloss
757 3988 832 4041 eines
851 3988 981 4052 Flusses,
1001 3986 1035 4041 of.
1060 3986 1106 4040 IV.
1127 3990 1168 4041 10.
1188 3990 1203 4039 3
1224 3986 1336 4039 Rhenus

118 4058 184 4128 ¹sich
202 4072 273 4124 nach
287 4070 392 4124 ¹casare
403 4070 479 4124 Tode
492 4070 552 4124 dem
565 4073 702 4125 Antonius
758 4116 763 4129 .
779 4117 785 4130 .
799 4066 917 4129 ,citatus
937 4074 1033 4128 fertur.
1049 4104 1083 4112 -
1094 4074 1231 4143 ‘depressis
1243 4075 1336 4140 fossis,

124 4159 702 4225 an.-iostisitioerihus,ingewohnlichen
757 4158 1103 4231 durchausgescbaohtete
1123 4146 1240 4229 Grtben,
1260 4161 1293 4216 of.
1314 4178 1336 4216 c.

33 4272 35 4276 ·
123 4248 344 4315 Tagemdrsehen
364 4265 416 4301 von
435 4251 504 4301 5-6
524 4247 654 4301 Stuuden.
757 4254 781 4305 9.
801 4256 825 4306 3.
1006 4232 1009 4238 ’
