2934 4750
171 217 210 276 12
507 226 508 229 ’
606 262 607 265 =
633 228 677 280 De
696 226 769 281 bello
789 226 904 297 Gallico.

223 369 261 433 de
286 368 542 450 Vercingetorige
559 386 617 432 usu
632 374 768 433 ventura
783 368 929 450 opinione
945 373 1161 449 praeceperat,
1182 367 1242 448 'per
1255 384 1380 430 causam
1463 447 1464 462 χ

186 503 188 506 ·
222 474 431 555 supplementi
455 475 679 555 equitatusque
703 474 835 556 cogendi
858 474 898 538 ab
924 474 1064 538 exercitu
1088 473 1231 552 discedit,
1248 471 1381 535 Brutum
1463 473 1464 482 ’

185 593 202 641 2
220 579 456 644 adulescentem
472 578 521 643 his
537 580 634 660 copiis
649 578 808 660 praeficit;
832 579 915 644 hunc
931 583 1045 656 monet,
1062 582 1097 642 ut
1113 578 1146 641 in
1162 578 1263 642 omnis
1275 581 1382 658 partes

221 685 344 765 equites
368 703 462 765 quarn
492 684 645 749 latissime
673 691 902 767 pervagentur:
935 684 1083 749 daturum
1112 699 1146 748 se
1175 701 1314 763 operam,
1343 699 1382 744 ne

185 790 345 871 alongius
369 789 475 853 triduo
499 807 519 853 a
542 791 655 854 castris
684 790 777 854 absit.
823 789 880 854 His
908 789 1088 854 constitutis
1115 789 1211 853 rebus
1243 788 1309 854 suis
1337 787 1382 849 in-

221 878 432 976 opinantibus,
456 913 551 975 quam
575 895 717 959 maximis
733 899 839 975 potest
854 895 1029 972 itineribus
1055 894 1207 959 Viennam
1228 891 1381 973 peruenit.

186 1000 270 1063 albi
293 1006 426 1066 nanctus
451 987 607 1064 recentem
631 999 817 1080 equitatum,
843 1018 937 1080 quem
955 979 1074 1064 ’multis
1102 1003 1176 1063 ante
1206 998 1319 1062 diebus
1347 1013 1382 1060 eo
1434 1055 1439 1070 ,

132 1142 145 1164 .
221 1106 440 1186 praemiserat,
464 1123 566 1185 neque
598 1105 711 1169 diurno
742 1123 845 1185 neque
874 1109 1028 1170 nocturno
1060 1105 1173 1168 itinere
1204 1101 1384 1166 intermisso

221 1229 279 1290 per
300 1209 378 1274 fines
402 1211 608 1274 Haeduorum
631 1211 663 1274 in
687 1208 845 1292 Lingones
869 1209 1038 1288 contendit,
1063 1209 1221 1291 ubi-duae
1244 1206 1385 1288 legiones

222 1315 413 1394 hiemabant,
437 1322 481 1393 ut,
506 1315 533 1379 si
556 1316 630 1396 quid
655 1316 751 1379 etiam
775 1315 814 1379 de
837 1333 895 1378 sua
910 1314 1013 1379 salute
1036 1315 1076 1378 ab
1093 1313 1234 1378 Haeduis
1250 1313 1386 1376 iniretur

187 1431 203 1480 5
222 1419 351 1500 consilii,
363 1420 531 1487 ,celeritate
546 1418 778 1501 praecurreret.
825 1421 871 1484 Eo
888 1439 958 1486 cum
972 1421 1176 1501 pervenisset,
1189 1420 1231 1483 ad
1247 1418 1384 1498 reliquas

223 1526 361 1606 legiones
385 1527 484 1591 mittit
506 1526 656 1607 priusque
681 1545 791 1592 omnes
815 1527 846 1591 in
871 1546 966 1591 unum
990 1525 1093 1590 locum
1117 1526 1210 1606 cogit,
1228 1542 1324 1604 quam
1348 1523 1385 1586 de

187 1633 290 1696 seius
313 1631 451 1695 adventu
476 1633 625 1695 Arvernis
655 1632 797 1695 nuntiari
826 1641 943 1712 posset.
990 1630 1060 1695 Hac
1088 1649 1126 1694 re
1152 1629 1280 1710 cognita
1308 1628 1386 1692 Ver-

198 1737 399 1818 ·cingetorix
433 1754 543 1800 rursus
577 1737 609 1800 in
641 1738 802 1818 Bituriges
833 1725 1006 1801 exercitum
1039 1736 1163 1800 reducit
1189 1739 1286 1814 atque
1313 1734 1385 1798 inde

223 1838 382 1923 profectus
415 1841 637 1922 Gorgobinam,
670 1843 820 1906 Boiorum
849 1843 1007 1923 oppidum,
1038 1859 1115 1921 quos
1145 1841 1188 1904 ibi
1220 1838 1385 1904 Helvetico

223 1949 343 2029 proelio
359 1949 458 2012 victos
475 1945 595 2012 Caesar
611 1947 822 2012 collocaverat
839 1947 1043 2027 Haeduisque
1061 1945 1263 2023 attribuerat,
1289 1963 1386 2026 oppu-

223 2070 322 2132 gnare
345 2052 492 2118 instituit.

192 2167 205 2215 1
333 2163 382 2223 10.
429 2158 580 2238 Magnam
603 2159 680 2224 baec
702 2176 754 2222 res
771 2158 901 2223 Caesari
925 2157 1141 2222 difficultatem
1164 2157 1205 2239 ad
1221 2155 1386 2222 consilium

225 2261 410 2342 capiendum
447 2263 625 2327 adferebat:
659 2265 686 2328 si
723 2263 876 2344 reliquam
911 2269 1035 2348 partem
1076 2262 1186 2327 hiemis
1220 2280 1284 2326 uno
1317 2260 1386 2324 loco
1463 2311 1464 2336 ,

130 2364 132 2367 -
1463 2355 1464 2379 t

174 2520 351 2575 Gescbehens
370 2524 424 2577 und
438 2524 580 2591 Macbens,
600 2524 633 2578 cf.
642 2526 672 2579 V.
684 2528 753 2601 27.3
809 2555 842 2564 -
862 2524 893 2577 de
911 2540 964 2577 sno
982 2523 1083 2589 salute,
1112 2522 1140 2577 C.
1165 2522 1256 2577 durfte
1282 2522 1387 2576 damals

173 2610 243 2676 qnod
272 2609 368 2665 fecerit
397 2611 431 2666 de
456 2614 660 2681 oppugnatione
685 2614 752 2667 bec.
807 2613 850 2666 bei
865 2611 925 2665 dem
938 2612 1119 2679 allgemeinen
1131 2609 1285 2665 Aufstande
1300 2609 1387 2664 selbst

171 2696 207 2751 II.
230 2698 270 2751 17.
290 2702 305 2751 3
325 2715 449 2766 quaeque
476 2709 574 2769 postea
594 2702 752 2755 acciderant
806 2701 880 2756 nicht
905 2701 957 2755 den
986 2701 1118 2754 Hdduern
1145 2706 1256 2765 tranen,
1284 2699 1388 2753 welcbe

173 2786 209 2839 de'
225 2788 360 2855 angustiis
379 2788 414 2841 ad
432 2788 551 2844 Ilerdam
570 2792 610 2844 rei
630 2789 751 2843 irumen-
807 2790 899 2843 bisher
917 2792 1013 2842 immer
1038 2788 1089 2842 auf
1109 2788 1198 2841 seiten
1221 2784 1273 2842 der‘
1289 2788 1390 2840 Romer

173 2874 271 2941 toriae,
290 2876 403 2944 accepit.
431 2906 462 2915 -
494 2876 622 2944 opinione
638 2866 749 2944 pra‘eoe·
805 2876 957 2944 gestanden
976 2877 1079 2942 hatten,
1099 2876 1133 2930 cf.
1153 2892 1175 2929 o.
1195 2879 1220 2929 6.
1240 2880 1264 2929 3.

83 2959 85 2961 ’
167 2967 252 3027 perot
271 2964 323 3030 ,im
347 2980 447 3018 vorans
466 2965 632 3019 vermuten“.
653 2996 686 3003 -
702 2982 754 3032 per
842 2968 866 3019 5.
895 2964 932 3017 ad
949 2964 1071 3031 reliquos
1089 2962 1214 3037 legiones,
1231 2962 1267 3021 cf.
1287 2978 1310 3016 o.
1325 2968 1349 3015 1.
1364 2967 1389 3015 2.

173 3065 285 3102 canaam
304 3075 339 3095 =
357 3067 406 3119 per
432 3052 649 3119 simulationem,
673 3054 707 3108 cf.
727 3054 752 3107 b.
807 3082 840 3091 —
859 3052 890 3105 in
908 3068 995 3105 nnnm
1012 3046 1111 3117 locum,
1131 3052 1201 3105 nach
1222 3051 1389 3119 Agedincum

173 3153 195 3190 c.
215 3135 266 3189 III.
280 3141 328 3191 24.
349 3144 363 3192 1
389 3156 439 3206 per
458 3156 568 3195 oausam
586 3141 753 3195 exercendo·
807 3140 912 3209 (Sensi,
931 3140 980 3194 der
999 3138 1170 3207 Hauptstadt
1189 3138 1238 3193 der
1255 3138 1390 3203 Senonen,

172 3240 233 3277 rum
261 3226 401 3293 remigum.
439 3228 468 3282 O.
497 3229 552 3281 will
582 3228 626 3283 die
649 3230 754 3283 Feinde
808 3228 842 3281 of.
863 3244 885 3281 c.
910 3231 949 3281 10.
970 3231 994 3279 4.
1039 3256 1052 3280 η

174 3313 241 3367 tiber
252 3315 327 3367 scine
336 3315 453 3369 Absicbt
462 3317 607 3384 maachan,
621 3334 666 3369 um
678 3323 753 3386 mog·
843 3319 868 3370 6.
888 3314 1094 3383 Gorgobinam,
1105 3312 1328 3381 dieHauptstadt
1341 3312 1390 3366 der

173 3401 257 3455 liebst
285 3402 389 3455 scbnell
416 3402 530 3459 auden
550 3404 754 3473 Winterlagern
810 3405 899 3471 Boier,
920 3401 1055 3457 vielleicbt
1075 3401 1123 3455 das
1137 3402 1249 3468 heutige
1263 3395 1390 3454 Guercbe

173 3488 361 3555 zugelangen.
375 3489 539 3543 —Brotnm
552 3490 754 3559 adulescentem,
809 3507 855 3545 sur
884 3490 1017 3545 l'Aubois.
1046 3518 1087 3529 -·
1110 3489 1249 3543 Heluetico
1275 3488 1387 3556 proelio,

174 3578 219 3631 ein
238 3578 449 3646 LegatCltsars,
469 3579 585 3633 welcher
603 3581 638 3632 im
652 3580 755 3647 Hriege
809 3579 992 3634 ct.1.2s.o.
1033 3578 1062 3605 ‘'

173 3680 260 3732 gegen
284 3665 327 3719 die
355 3666 475 3719 Veneter
497 3667 542 3721 die
565 3674 633 3721 rom.
661 3669 755 3724 l‘lotto

173 3753 332 3820 oeranrrgre,
351 3752 386 3808 ar.
405 3753 454 3807 111.
476 3759 516 3808 11.
535 3757 560 3809 a.
987 3720 1065 3803 Kal·
1089 3719 1209 3785 10-13.

209 3844 234 3895 3.
258 3840 390 3893 Viennam
418 3842 559 3910 (vienne),
596 3842 676 3897 Stadt
708 3844 756 3898 der
836 3823 1009 3890 Efflbffl'lfflg
1026 3838 1080 3877 V⁰¹1
1099 3820 1381 3890 Vellaunodunum,-

173 3929 347 4009 Allobrbger,
366 3944 401 3982 an
420 3929 469 3983 der
487 3930 591 3985 Rbone.
906 3910 1294 3990 00¹1⁸b¹1¹¹19'N0Vl⁰⁴l¹111¹¹¹¹1·

209 4019 234 4071 4.
262 4024 392 4071 recentem
410 4018 570 4085 equitatum,
591 4019 634 4073 die
659 4017 756 4085 jdngst
846 4017 891 4071 10.
922 4021 946 4073 1.
966 4017 1099 4085 Mapnonc
1118 4057 1123 4069 .
1144 4056 1151 4069 .
1172 4058 1177 4069 .
1198 4012 1387 4081 difficultatem

174 4106 366 4173 ausgehobene
384 4106 516 4161 Reiterei.
545 4137 578 4146 -
603 4108 635 4159 in
653 4106 755 4173 Linpd'·
810 4105 847 4158 ad
866 4104 1006 4157 consilinm
1025 4102 1200 4171 cop-lendum,
1227 4103 1264 4157 da
1281 4102 1309 4155 iu
1329 4102 1389 4156 dem

174 4209 235 4259 neo,
263 4195 306 4248 ein
334 4193 482 4248 lreltiscHes
501 4194 573 4248 Vollr
600 4196 636 4247 im
664 4191 755 4260 Quell·
810 4194 901 4247 Subst.
920 4191 1068 4246 difficultas
1083 4191 1130 4245 der
1144 4190 1251 4259 Begriff
1267 4192 1314 4245 des
1324 4190 1389 4245 Ver-

175 4282 265 4347 gebiet
285 4281 333 4336 der
343 4281 470 4349 Sequana
489 4282 545 4334 und
558 4281 607 4335 der
620 4281 754 4334 Matrona.
810 4281 941 4336 hinderns
956 4281 1033 4349 liegt,
1053 4296 1083 4335 so
1096 4278 1163 4335 wind
1177 4279 1220 4333 die
1232 4278 1388 4345 Beziehung
