2934 4750
149 172 191 236 14
619 186 663 241 De
681 186 752 241 bello
770 185 886 242 Gallico.

166 351 183 400 a
204 329 400 412 aliquantum
424 331 547 396 itineris
568 329 755 410 progressis,
780 347 850 392 cum
872 329 935 393 ism
959 329 1090 394 extremi
1111 335 1219 396 essent
1240 330 1273 396 in
1291 349 1365 412 pro-

199 441 320 518 spectu,
350 436 474 518 equites
502 435 582 514 sQ.
606 435 696 499 Atrio
727 433 770 499 ad
793 433 963 500 Gaesarem
985 440 1150 516 venerunt,
1181 435 1234 517 qui
1258 437 1365 500 nunti-

201 547 294 607 arent
324 542 488 624 superiore
510 546 604 606 nocte
626 541 763 605 maxima
785 547 896 606 coorta
918 546 1109 622 tempestate
1131 559 1231 624 prope
1252 559 1366 608 omnes

199 665 298 712 nares
320 647 463 714 adflictas
485 653 582 728 atque
602 646 635 710 in
658 645 754 710 litore
776 646 893 710 eiectas
909 661 987 724 esse,
1010 646 1094 727 quod
1109 663 1212 727 neque
1228 665 1366 713 ancorae

199 751 352 835 funesque
374 753 594 831 subsisterent,
617 768 720 832 neque
743 756 861 815 nautae
883 751 1175 832 gubernatoresque
1197 752 1260 817 vim
1284 759 1366 818 tem·

164 860 332 941 spectatis
354 861 421 942 pati
442 862 587 947 possent:
618 858 727 938 itaque
751 875 791 921 ex
814 875 851 921 eo
880 875 1036 922 concursu
1067 859 1195 924 navium
1215 877 1365 941 magnum

199 982 270 1030 esse
291 962 524 1029 incommodum
547 967 724 1043 acceptum.

166 1108 179 1157 1
290 1093 340 1151 ll.
376 1087 433 1152 His
462 1087 558 1151 rebus
588 1085 725 1168 cognitis
748 1083 867 1150 Caesar
887 1085 1028 1166 legiones
1051 1085 1289 1168 equitatumque
1313 1105 1365 1151 re-

199 1195 306 1258 vocari
328 1197 423 1274 atque
443 1192 477 1256 in
499 1193 613 1257 itinere
635 1192 786 1256 resistere
801 1193 898 1271 iubet,
922 1191 991 1273 ipse
1006 1193 1046 1256 ad
1063 1209 1161 1258 naves
1176 1192 1364 1272 revertitur;

163 1299 310 1369 academ
333 1297 409 1379 fere,
433 1317 514 1380 quae
537 1317 576 1363 ex
598 1299 716 1363 nuntiis
739 1297 916 1378 litterisque
941 1303 1141 1379 cognoverat,
1167 1316 1273 1363 coram
1292 1316 1365 1379 per·

200 1405 302 1492 spicit,
331 1405 376 1470 sic
404 1411 440 1468 ut
467 1405 591 1469 amissis
618 1405 743 1470 circiter
764 1421 804 1468 xn
827 1405 963 1468 navibus
986 1403 1255 1486 reliquaetamen
1278 1399 1366 1468 refici

165 1528 293 1592 aposse
316 1524 432 1592 magno
454 1510 581 1590 negotio
609 1510 801 1576 riderentur.
848 1510 962 1590 ltaque
988 1529 1026 1574 ex
1053 1509 1228 1590 legionibus
1255 1507 1365 1574 fabros

164 1636 182 1686 4
201 1616 314 1698 deligit
335 1621 368 1681 et
390 1634 428 1680 ex
451 1617 624 1682 continenti
647 1614 727 1680 alios
751 1615 868 1681 arcessi
890 1615 992 1697 iubet3
1017 1615 1156 1680 Labieno
1172 1615 1293 1694 scribit,
1318 1620 1363 1695 ut,

200 1739 295 1805 quam
317 1721 470 1804 plurimas
486 1723 595 1804 possit,
619 1721 659 1786 iis
673 1720 861 1802 legionibus,
885 1739 967 1801 quae
983 1721 1048 1786 sint
1064 1721 1148 1803 apud
1163 1739 1245 1801 eum,
1269 1738 1365 1786 naves

165 1828 356 1898 sinstituat.
401 1827 482 1910 ispe,
506 1829 566 1892 etsi
586 1845 639 1892 res
661 1833 732 1892 erat
755 1826 873 1897 multae
896 1845 1013 1908 operae
1036 1844 1073 1891 ae
1101 1826 1229 1908 laboris,
1257 1833 1365 1892 tamen

203 1933 487 1998 commodissimum
508 1951 579 1997 esse
598 1932 713 1997 statuit
727 1949 837 1996 omnes
853 1949 951 1996 naves
966 1931 1100 1996 subduci
1115 1938 1148 1996 et
1164 1950 1235 1997 cum
1252 1931 1365 1996 cestris

167 2056 266 2108 suna
288 2039 462 2104 munitione
479 2038 634 2118 coniungi.
674 2039 710 2102 In
733 2036 783 2102 bis
805 2038 901 2102 rebus
925 2038 1050 2104 circiter
1073 2037 1141 2102 dies
1163 2055 1185 2102 x
1208 2038 1365 2102 consumit

200 2162 240 2209 ne
263 2145 426 2208 nocturnis
449 2143 574 2225 quidem
588 2144 784 2224 temporibus
801 2143 842 2208 ad
857 2143 997 2208 laborem
1010 2142 1146 2208 militum
1166 2143 1363 2208 intermissis.

181 2394 208 2444 2.
236 2406 294 2442 eum
319 2390 403 2444 ..in
422 2394 577 2458 prospectu,
605 2388 647 2444 als
672 2406 726 2444 ron
780 2392 838 2444 9.1
868 2406 920 2443 nur
946 2390 1017 2443 zehn
1044 2388 1187 2443 Kohorten
1210 2389 1266 2444 und
1292 2404 1364 2442 zuar

147 2479 200 2533 den
229 2478 482 2546 roransgesanrlten
513 2478 642 2545 Truppen
673 2495 726 2531 nur
781 2477 1010 2532 wuhrsoheinlioh
1033 2478 1099 2531 zwei
1127 2492 1177 2531 aus
1205 2476 1286 2546 jeder
1315 2476 1363 2531 der

146 2566 218 2621 noch
244 2566 321 2634 (iam)
347 2565 391 2620 die
418 2566 521 2620 letzten
548 2566 593 2620 iitr
617 2566 646 2621 0.
672 2566 727 2621 und
780 2565 844 2619 funi
859 2566 996 2633 Legionem
1019 2564 1251 2633 zurilckgelassen
1276 2566 1364 2633 hatte,

148 2654 192 2708 die
211 2654 504 2721 Zurilckgebliebenen
520 2655 549 2707 in
567 2654 617 2708 der
632 2655 727 2709 Ferme
781 2670 812 2709 so
831 2660 941 2708 mussan
961 2652 1004 2707 die
1022 2651 1127 2707 indrei
1141 2652 1285 2707 Kolonnen
1303 2668 1364 2707 aus·

147 2742 267 2797 sicbtbar
294 2757 393 2796 waren.
412 2771 445 2780 —
469 2742 501 2793 iro
525 2741 603 2795 litore
628 2744 728 2796 acuas
782 2742 947 2811 gesandten'
964 2742 1095 2809 Truppen
1126 2740 1289 2796 inzwischen
1317 2758 1362 2795 zu·

147 2846 208 2899 „am
219 2829 483 2899 Uiergestrundet.“
497 2830 730 2897 -subsisterent,
782 2832 969 2899 ruckgekehrt
997 2830 1063 2885 sein.
1101 2830 1178 2884 Nacb
1207 2831 1258 2884 Dio
1288 2828 1363 2885 Cass.

147 2918 300 2973 ieststehen
320 2917 376 2972 und
395 2919 476 2973 somit
496 2917 633 2987 „halten“.
783 2922 826 2974 lo.
850 2924 867 2974 2
894 2920 994 2974 riiclrte
1021 2918 1242 2973 Cassivellaunus
1271 2917 1365 2972 diesen

181 3009 206 3060 3.
225 3022 360 3060 concursu
379 3006 656 3075 „Zusammenstols“.
783 3009 914 3078 Truppen
941 3008 983 3063 bis
1012 3024 1073 3062 zum
1092 3008 1187 3062 Meere
1215 3007 1293 3073 nach,
1323 3023 1364 3061 wo

182 3096 228 3149 11.
267 3100 290 3148 1.
323 3094 355 3147 ia
382 3094 480 3149 itinere
506 3094 638 3148 resistere.
683 3094 728 3149 Sie
783 3096 844 3150 sich
872 3096 901 3150 G.
926 3096 982 3149 ihm
1010 3094 1250 3165 entgegenstellte.
1271 3124 1302 3133 -
1321 3094 1363 3161 fu-

147 3182 250 3237 sollten
274 3184 391 3251 etwaige
411 3182 536 3249 Angriffe
560 3182 609 3237 der
628 3182 729 3237 Feinde
784 3186 855 3249 bros,
868 3184 1037 3253 Werlrleute,
1049 3184 1247 3249 Handwerker,
1263 3182 1365 3237 welche

146 3271 352 3327 abweisenund
365 3271 567 3327 sichfechtend
580 3272 624 3325 ins
637 3271 729 3338 Lager
784 3273 954 3341 geubhnlich
990 3274 1034 3327 ein
1064 3272 1243 3341 gesundertes
1275 3270 1365 3339 Korps

147 3361 358 3415 zmuekziehen.
784 3370 867 3416 unter
880 3361 940 3416 dem
953 3359 1110 3429 praefectus
1120 3358 1229 3414 fabrum
1242 3357 1363 3412 bildeten

182 3450 210 3501 2.
228 3463 320 3501 eoram
339 3449 404 3517 „mit
423 3449 537 3516 eigenen
556 3446 680 3514 sugent
695 3476 728 3487 -
783 3450 839 3503 und
852 3449 950 3503 ¹denen
974 3446 1018 3501 die
1037 3446 1220 3515 Einrichtnng
1245 3445 1292 3501 des
1311 3446 1364 3500 La·

146 3540 178 3588 ut
197 3576 203 3588 .
224 3575 231 3589 .
249 3535 416 3603 uiderentur,
444 3536 513 3589 nach
542 3536 602 3590 dem
619 3535 729 3589 voraui·
783 3553 857 3605 gers,
877 3537 924 3590 der
943 3536 1001 3590 Bau
1019 3534 1069 3589 der
1088 3534 1212 3589 Brttcken
1232 3551 1259 3588 u,
1279 3534 1364 3602 dergl.

146 3622 291 3692 gehenden
309 3624 442 3691 perspicit
467 3624 527 3677 eine
551 3620 613 3677 vom
633 3623 727 3679 Stand-
784 3624 874 3692 oblsg.
912 3623 980 3678 Hier
1007 3638 1062 3677 war
1090 3623 1151 3676 eine
1170 3622 1277 3676 Anzshl
1305 3621 1364 3677 der·

147 3711 254 3779 punlrte
282 3711 330 3766 des
349 3711 542 3766 Erzthlenden
566 3727 616 3765 aus
634 3712 662 3766 in
682 3712 731 3765 der
784 3713 879 3767 selben
904 3712 957 3766 den
982 3710 1124 3766 einzelnen
1143 3710 1284 3776 Legionem
1311 3710 1364 3763 bei·

149 3800 372 3867 vergangenheit
390 3800 515 3869 liegende
534 3800 629 3868 Fulge.
653 3799 687 3853 ci.
706 3816 730 3855 e.
785 3800 916 3868 gegeben.
935 3828 969 3837 -
988 3814 1022 3851 erc
1040 3798 1201 3864 continenti,
1226 3797 1260 3853 ci.
1280 3816 1303 3853 c.
1323 3801 1366 3851 20.

148 3892 191 3943 51.
210 3892 235 3943 4.
264 3890 351 3943 53.1.
384 3919 418 3929 -
449 3894 540 3942 tamen
569 3891 651 3958 reign,
681 3889 731 3941 wie
789 3889 849 3942 lin
869 3888 1052 3942 continentem
1071 3885 1198 3940 Galliam.

149 3977 197 4031 der
216 3976 437 4044 voraufgehende
456 3977 510 4031 abl.
529 3977 615 4032 absol.
634 3977 731 4031 aufzn-
821 3978 847 4029 6.
880 3974 918 4027 ad
948 3973 1065 4026 laborem
1094 3989 1144 4026 zur
1174 3974 1368 4043 Bezeichnung

148 4064 226 4119 lbsen
245 4064 289 4119 ist.
785 4064 833 4118 des
858 4062 998 4130 Zweclres‚
1025 4062 1127 4116 ebenso
1152 4076 1175 4117 o.
1199 4066 1243 4117 40.
1261 4064 1293 4127 5;
1322 4062 1368 4116 da-

184 4156 209 4206 3.
237 4168 271 4205 ere
297 4154 456 4223 legionibus.
493 4154 536 4209 Da
555 4155 584 4209 C.
609 4155 670 4209 hier
697 4170 731 4207 ex
785 4167 872 4220 gegen
901 4150 961 4206 Vll.
990 4153 1033 4204 24.
1058 4153 1083 4205 2.
1108 4149 1143 4203 ab
1172 4166 1256 4219 opere
1282 4151 1368 4204 inter·

148 4240 306 4307 legionibus
328 4249 398 4309 sagt,
418 4242 548 4297 wahrend
567 4259 598 4297 er
617 4232 688 4297 nach
707 4258 731 4296 c.
786 4242 952 4295 mitteretur.
