2934 4750
575 202 851 262 mmmm.
1279 192 1319 251 Ἠ

104 343 243 424 positam
270 350 431 424 putarent,
461 345 563 410 nostri
592 350 710 425 autern,
742 345 819 427 quid
842 346 910 410 siue
932 346 1122 425 imperatore
1145 350 1177 409 et
1200 345 1268 409 sine

106 448 237 529 reliquis
258 447 435 530 legionibus
458 449 699 517 adulescentulo
722 452 801 517 duce
824 449 948 516 efficere
970 454 1109 532 possent,
1133 450 1268 532 perspici

105 559 276 636 cuperent:
317 554 446 620 taudem
479 555 611 622 conlecti
649 556 832 621 vulneribus
866 556 974 622 hostes
1008 562 1099 636 terga
1134 563 1265 620 vertere.

106 660 251 738 Quomm
282 679 398 742 magno
421 680 553 726 numero
577 662 742 728 interiecto
765 661 900 729 Crassus
924 682 962 727 ex
983 662 1096 727 itinere
1120 661 1304 743 oppidumu

105 765 287 832 Sentiatum
303 785 488 849 oppugnare
503 769 616 850 coepit.
634 768 756 846 Quibus
771 767 898 834 fortiter
912 768 1143 846 resistentibus,
1160 767 1267 830 vineas

105 878 277 952 turresque
303 873 378 953 egit.
430 872 481 938 Illi
513 873 593 940 alias
623 875 788 957 eruptione
817 880 982 957 temptata,
1014 873 1092 938 alios
1115 871 1303 938 cuniculisa

104 977 150 1041 ad
181 996 329 1060 aggerem
357 980 526 1062 vineasque
554 981 635 1046 actis
664 981 766 1064 (cuius
795 983 841 1046 rei
869 986 944 1046 suut
965 980 1058 1061 longe
1082 978 1267 1063 peritissimi

106 1083 267 1164 Aquitani,
292 1089 463 1166 propterea
485 1086 569 1166 quod
592 1087 699 1152 multis
720 1087 797 1152 locis
821 1087 905 1168 apud
928 1105 982 1152 eos
1005 1085 1147 1152 aerariae
1163 1090 1268 1150 sectu-

104 1192 350 1271 roseaceum),
382 1191 436 1256 ubi
466 1191 631 1274 diligentia
660 1199 839 1258 nostrorum
869 1192 948 1257 nihil
969 1192 1019 1256 his
1040 1192 1135 1256 rebus
1158 1187 1267 1271 profici

104 1310 201 1375 posse
222 1295 461 1376 intellexeruut,
490 1297 612 1378 legatos
636 1298 677 1364 ad
700 1296 850 1364 Crassum
874 1300 1017 1376 mittunt,
1042 1314 1138 1378 seque
1159 1297 1192 1360 iu
1215 1295 1268 1361 de·

105 1399 261 1465 ditionem
282 1408 319 1466 ιιι
341 1403 482 1495 recipist,
515 1409 638 1486 petunt.
684 1403 755 1481 Qua
777 1423 812 1470 re
835 1406 1008 1486 impetrata
1030 1421 1118 1468 arma
1140 1401 1267 1466 tradere

103 1506 187 1570 iussi
208 1505 337 1574 iaciunt.

197 1616 248 1678 22.
282 1616 387 1694 Atque
412 1615 444 1680 in
474 1633 513 1680 ea
541 1635 576 1680 re
605 1617 745 1681 omnium
773 1607 953 1685 nostrorum
982 1615 1113 1680 intentis
1144 1612 1300 1690 cuimisr

104 1717 171 1783 alia
193 1735 230 1782 ex
252 1725 345 1801 parte
366 1720 475 1804 oppidi
498 1721 707 1801 Adiatunnus,
730 1723 785 1803 qui
806 1739 960 1786 summam
983 1720 1107 1802 imperii
1128 1718 1267 1798 tenebat,

106 1841 180 1888 cum
205 1822 259 1890 DC
282 1826 412 1904 devotio,
436 1844 514 1907 quos
537 1827 584 1891 illi
607 1828 767 1893 soldurios
781 1827 952 1910 appellant,
975 1843 1109 1909 quorum
1124 1825 1202 1890 haec
1218 1829 1268 1888 est

109 1929 261 2009 condicio,
294 1935 331 1994 ut
357 1930 503 1996 omuibus
532 1932 564 1995 iu
588 1932 653 1997 vita
675 1933 848 1998 commodis
872 1951 934 1998 uua
957 1950 1028 1998 cum
1051 1932 1088 1996 iis
1112 1929 1301 2012 fruentum

108 2053 241 2116 quorum
268 2053 303 2100 se
332 2036 489 2100 amicitiae
517 2037 708 2117 dediderint,
740 2041 768 2103 si
798 2039 872 2120 quid
902 2039 940 2104 iis
969 2038 1111 2120 pervim
1134 2034 1266 2114 accidat,

104 2148 165 2206 aut
196 2142 331 2208 eundem
358 2160 466 2208 casum
496 2161 559 2208 una
587 2142 692 2209 ferant
722 2150 778 2208 aut
805 2145 866 2209 sibi
896 2151 1028 2209 mortem
1051 2144 1266 2218 consciscaut3

104 2265 208 2329 neque
232 2247 336 2312 adhuc
359 2248 520 2313 bominum
543 2253 694 2314 memoria
716 2258 862 2332 repertus
885 2257 936 2316 est
958 2251 1134 2332 quisquam,
1157 2249 1211 2329 qui
1227 2259 1301 2312 eos

104 2352 281 2437 interiecto,
312 2355 401 2419 cuius
430 2373 465 2421 se
488 2355 643 2421 amicitiae
667 2357 853 2459 devovisset,
884 2358 964 2424 mori
987 2362 1162 2423 recusaret:
1194 2366 1302 2423 cuma

104 2512 226 2567 Crassus
244 2529 296 2567 nur
317 2517 348 2567 12
360 2513 505 2569 Koborteu
518 2513 599 2569 nebst
611 2515 687 2570 einer
727 2533 750 2569 a
775 2514 822 2571 33.
861 2520 883 2570 1.
906 2516 997 2585 Atque
1020 2516 1054 2572 cl.
1078 2532 1112 2570 au
1129 2532 1152 2571 c.
1173 2517 1214 2570 15.
1235 2518 1259 2569 3.
1285 2544 1319 2555 -

103 2601 218 2669 gruison
246 2601 353 2656 Anauhl
379 2602 482 2657 liciter.
510 2630 545 2643 -·
574 2608 687 2661 certem.
739 2604 771 2656 ia
788 2619 820 2658 eo
837 2618 884 2679 re.
898 2604 1048 2658 ..latomis
1064 2604 1174 2657 antean.
1192 2605 1319 2658 Intentus

107 2689 169 2742 Nur
191 2704 226 2743 on
254 2689 345 2744 dieser
367 2690 454 2745 Stelle
476 2692 512 2744 im
537 2690 598 2745 bell.
621 2689 686 2758 gall.

103 2776 260 2844 gebraucbt
278 2778 307 2835 O.
321 2778 364 2833 die
383 2766 549 2845 abgelrurate
564 2778 686 2833 Periekt·

104 2864 192 2935 form3
211 2866 239 2919 iu
258 2865 322 2920 bell.
341 2867 392 2921 cit.
410 2868 432 2923 Ι.
444 2869 487 2920 ol.
500 2871 525 2921 b.
543 2866 591 2920 lll.
604 2870 647 2921 63.
660 2867 684 2921 6.

141 2958 166 3008 2.
186 2953 318 3021 oppidum
331 2952 496 3021 Sonticitum,
512 2954 561 3008 das
573 2955 687 3023 beutige

103 3040 166 3098 Sos.
196 3070 229 3081 -·
255 3044 358 3097 uineae·
372 3048 516 3110 torresque
539 3041 573 3097 ci.
599 3059 634 3097 uu
651 3043 686 3097 ΙΙ.
721 3049 724 3055 ’

107 3132 151 3183 12.
170 3133 196 3186 s.
216 3146 242 3184 u.
261 3134 286 3184 b.

141 3220 168 3274 3.
188 3216 686 3275 oliae...olo'os=modo...modo

103 3305 141 3361 ct.
159 3323 194 3360 au
213 3307 247 3361 ll.
264 3310 308 3364 29.
327 3310 353 3365 ὅ.
380 3336 413 3347 -
442 3306 480 3361 od
504 3322 626 3375 aggerem
648 3307 686 3361 oi·

104 3410 238 3463 amque,
262 3404 342 3451 unter
361 3394 414 3449 den
432 3394 541 3461 Dauum,
567 3395 687 3450 weleber

104 3498 192 3551 gagen
221 3482 264 3537 die
289 3484 386 3537 Macer
412 3483 462 3537 der
485 3484 566 3538 stadt
592 3483 686 3552 aufge·

106 3571 209 3628 worieu
236 3588 301 3637 war,
328 3571 385 3625 und
411 3570 461 3626 aui
485 3570 615 3626 walchem
644 3572 687 3626 die
718 3585 721 3598 ²

106 3658 686 3728 Luuigaughtlttenrongesebobeuwurden.

108 3776 142 3785 —
151 3750 278 3805 aerariae
286 3748 347 3805 scil.
359 3746 471 3802 iodiuae
483 3747 685 3815 ,Eragrubeu⁸.

108 3866 140 3875 -
159 3843 333 3904 secturaeque
350 3834 562 3904 :lapicidinae
581 3835 686 3904 ,Stein-

103 3924 239 3991 brtlcbe“‚
263 3924 294 3977 'in
320 3922 437 3990 welche,
464 3930 598 3991 entgegeu
626 3924 686 3978 dem

739 2692 776 2745 ist
806 2692 867 2746 hier
894 2693 944 2746 mit
974 2691 1022 2746 der
1048 2692 1129 2759 Prtp.
1154 2692 1182 2745 in
1206 2708 1230 2749 c.
1258 2690 1319 2749 Abl.

740 2779 905 2848 verbunden,
930 2796 974 2834 um
994 2780 1043 2833 deu
1065 2779 1190 2845 Bereicb,
1209 2780 1237 2833 iu
1256 2777 1319 2833 wel·

739 2866 1319 2923 cbemdieaufmerlrsemlreitderSoldateu

740 2954 908 3023 bescbtttigt
926 2957 970 3022 ist,
988 2972 1022 3009 zu
1042 2956 1221 3023 bezeichneu3
1240 2962 1320 3010 soust

741 3054 814 3099 secat
833 3043 862 3100 0.
882 3043 926 3100 die
944 3044 1026 3111 Prap.
1046 3042 1089 3099 ad.
1109 3043 1144 3098 cf.
1164 3044 1212 3097 ΙΙΙ.
1230 3045 1273 3097 23.
1293 3048 1319 3099 2.

740 3134 766 3187 b.
785 3148 807 3187 e.
829 3132 877 3187 lll.
896 3134 936 3187 19.
949 3135 974 3186 4.
987 3158 1021 3171 -
1040 3130 1143 3187 devotio
1156 3131 1319 3201 „Getreue“,

741 3220 783 3275 die
794 3220 854 3274 sicb
863 3219 1016 3289 jamsudem
1029 3218 1079 3273 auf
1090 3219 1181 3273 beben
1194 3218 1250 3273 und
1260 3218 1319 3273 Tod

740 3309 833 3378 gelobt
846 3307 901 3362 und
913 3306 1089 3375 verpflichtet
1101 3306 1198 3361 baben.
1215 3336 1249 3349 -
1267 3304 1320 3361 eol·

739 3397 837 3453 dumos
855 3396 942 3462 htugt
954 3395 1093 3451 vielleiebt
1105 3396 1155 3449 mit
1168 3394 1229 3449 dem
1243 3395 1320 3450 deut·

740 3486 824 3541 seben
838 3484 956 3554 ,solleu“
970 3499 1137 3549 zusammen,
1155 3483 1215 3538 also
1233 3483 1320 3553 ,Ver-

739 3572 906 3641 pflioutetet
928 3570 1077 3639 Derartige
1096 3570 1320 3639 Gelolgscbalteu
1403 3574 1406 3581 '

740 3660 850 3715 werden
874 3660 918 3716 bei
943 3660 996 3715 deu
1015 3658 1139 3715 Galliern
1164 3658 1252 3715 bitere
1276 3675 1319 3714 er·

740 3749 840 3802 pruna
860 3745 1223 3803 ctV1.¹1t.2.vl1.4o.7.
1245 3734 1319 3801 iiber

740 3836 867 3892 thuliche
886 3833 1111 3903 Geiolgsobsfteu
1129 3833 1238 3889 beiden
1252 3834 1325 3889 Gor·-

740 3939 838 3978 maneu
857 3922 890 3977 ci.
908 3922 973 3976 Tac.
993 3922 1084 3977 Germ.
1105 3926 1138 3976 13
1157 3938 1184 3976 ιι.
1204 3926 1245 3976 14.

106 4010 684 4068 unterirdiecbeuBauiudeuaera·
774 4018 799 4066 2.
825 4010 1209 4079 quorum...dedideriat.
1245 3996 1321 4066 Uber
1399 4067 1403 4075 ,

105 4098 588 4167 riae,offeuliegendelangetlltnge
601 4098 686 4153 durch
740 4099 792 4154 deu
818 4098 966 4168 Konjunct
994 4098 1029 4153 ci.
1054 4115 1078 4153 c.
1103 4101 1129 4157 4.
1159 4104 1172 4155 1
1198 4115 1233 4154 au
1257 4116 1320 4156 con·

106 4186 686 4255 bossoblugenmetallbaltigerl'elssmcke
740 4187 901 4242 stitrdsseut.

105 4277 251 4345 garrieben
262 4274 380 4331 worden.
396 4307 425 4315 -
439 4275 558 4343 somam,
569 4275 687 4332 absolut
776 4278 800 4329 3.
818 4274 889 4329 mori
905 4279 1052 4343 recusaret,
1071 4290 1124 4329 von
1143 4274 1173 4333 (l.
1188 4290 1244 4329 nur
1260 4275 1323 4329 bier
