2934 4750
179 197 220 258 30
651 209 690 262 De
710 207 783 263 bello
802 207 914 262 Gallico.

195 373 212 423 3
232 351 465 433 contemptione
487 349 589 415 nostri
611 349 652 414 ad
676 355 780 415 cestre
804 355 954 414 venturos
978 366 1056 414 esse.
1095 347 1166 414 Non
1180 347 1303 412 bostem
1318 365 1390 412 anc-

231 465 343 533 torem,
358 458 413 522 sed
429 473 496 520 rem
511 459 671 537 specture:
687 457 818 521 subesse
833 455 992 533 Rhenum;
1009 473 1124 537 mogun
1139 473 1210 520 esse
1227 453 1392 519 Germanis

151 642 160 668 s
196 581 214 632 4
232 562 335 627 dolori
357 562 507 628 Ariovisti
529 570 665 627 mortem
687 568 722 627 et
744 562 923 643 superiores
947 567 1073 627 nostrus
1095 561 1258 642 victorius,
1281 560 1394 624 erdere

96 711 115 743 τ
138 667 367 757 ,manllinm
398 672 448 733 tot
470 666 668 733 coutumeliis
695 666 835 748 acceptis
858 666 916 732 sub
940 667 1047 749 populi
1070 665 1202 731 Romnru
1225 667 1394 747 imperium

68 774 213 875 „4435
232 774 394 839 reductum
425 773 588 855 superiore
620 772 722 855 gloria
754 773 801 837 rei
833 772 978 838 militaris
1011 773 1176 837 exstincta.
1229 772 1395 838 Postremo

83 906 175 1003 tss'sc‘n
205 880 304 967 jonis
325 879 385 945 hoc
407 878 469 944 sibi
491 879 699 962 persuaderet
730 879 799 944 siue
822 883 911 944 certe
934 897 990 961 spe
1014 879 1225 958 Ambiorigem
1247 878 1289 942 ud
1312 878 1396 943 eius·

107 1000 113 1016 ¹
196 985 317 1060 cmodi
348 985 514 1051 consilinm
544 984 769 1050 descendisse?
813 982 910 1050 Suum
941 985 1131 1050 senteutiam
1161 985 1194 1049 iu
1225 989 1398 1065 utramque

232 1097 356 1174 portem
378 1109 448 1156 esse
471 1096 588 1156 tutam:
621 1090 649 1156 si
679 1090 758 1156 nihil
781 1098 866 1156 esset
898 1088 1019 1170 durius,
1049 1089 1136 1154 nullo
1161 1108 1230 1155 cum
1254 1089 1398 1171 periculo

233 1197 273 1261 nd
295 1197 470 1278 proximem
494 1196 651 1279 legionem
673 1202 897 1278 perventuros3
921 1196 949 1260 si
973 1194 1077 1260 Gellio
1099 1195 1200 1260 omnis
1223 1213 1292 1260 cum
1316 1195 1400 1262 Ger-

234 1303 336 1367 manis
366 1302 568 1380 consentiret,
600 1320 695 1366 uuum
728 1319 800 1368 esse
829 1302 863 1365 in
893 1301 1055 1367 celeritate
1084 1302 1221 1383 positum
1251 1301 1400 1366 sulutem.

199 1405 349 1481 scottae
372 1408 497 1488 quidem
521 1415 618 1489 etque
640 1426 760 1487 eorum,
792 1407 845 1489 qui
869 1407 1080 1488 dissentirent,
1113 1407 1274 1472 consilium
1303 1425 1401 1488 quem

234 1513 350 1579 hebere
380 1513 520 1578 exitum?
548 1514 582 1578 in
612 1531 673 1595 quo
703 1513 730 1578 si
760 1531 822 1578 nou
846 1530 998 1596 praesens
1029 1513 1213 1596 periculum,
1246 1521 1282 1579 nt
1311 1520 1401 1578 certe

234 1618 406 1702 longinquo
429 1619 593 1685 obsidione
615 1618 717 1691 fomes
739 1625 831 1684 esset.
847 1618 996 1685 timenda.

201 1746 214 1797 1
323 1729 375 1790 30.
406 1724 475 1790 Huc
505 1725 538 1788 in
561 1731 731 1804 utromque
755 1729 880 1807 purtem
904 1725 1119 1808 disputatione
1143 1724 1356 1802 nubilosum
1380 1743 1400 1788 a

236 1828 331 1896 Cotto
350 1831 522 1912 primisque
537 1831 701 1897 ordinibus
717 1832 836 1896 acriter
851 1831 1064 1910 resisteretur,
1087 1831 1219 1910 Vincite,
1241 1831 1354 1912 inquit,
1371 1832 1402 1895 εἰ

240 1937 290 2002 tto
311 1936 418 2017 cnltr's,
443 1936 588 2017 Sabinus,
604 1942 638 2001 et
654 1936 687 2000 id
703 1936 838 2004 clariore
855 1954 940 2018 voce,
965 1943 1001 2002 ut
1023 1955 1140 2017 mogun
1163 1953 1238 2018 pers
1262 1937 1399 2002 militum

200 2042 415 2122 nexnndnet3
438 2063 538 2125 neone
552 2042 584 2106 is
598 2062 678 2120 snm,
702 2042 814 2124 inquit,
837 2042 893 2126 qni
907 2042 1100 2124 pronissime
1123 2063 1161 2108 en
1182 2043 1271 2109 vobis
1286 2043 1400 2108 mortis

125 2302 128 2312 ι
219 2239 243 2288 3.
262 2233 326 2288 Non
338 2234 765 2302 noctemnoctemopeccorc,
819 2241 889 2288 statt
920 2235 967 2290 des
994 2235 1186 2304 Kompcrutirs
1212 2235 1261 2290 der
1289 2235 1399 2288 betnute

182 2322 765 2391 uicbtnnfdenFeiudelsdnsMnlsgebende
819 2322 933 2379 Positis.

182 2412 277 2479 seben,
296 2411 319 2464 d.
330 2411 356 2464 h.
372 2412 428 2465 sich
440 2412 515 2465 nicht
531 2428 584 2466 rou
595 2413 655 2467 dem
662 2413 765 2466 Feiude
855 2414 879 2469 7.
910 2412 1026 2481 quidem,
1045 2429 1093 2466 zur
1113 2411 1333 2479 Herrorhebuug
1351 2411 1397 2465 des

181 2498 765 2555 bestimmenlescen—Arioniotimortem.
819 2498 1012 2567 Gegensntzes.
1025 2531 1059 2539 —
1077 2500 1175 2553 bebere
1192 2500 1304 2567 cnitnnr,
1323 2500 1399 2553 nicbt

182 2586 312 2641 Doruuch
342 2587 412 2641 mnis
443 2589 565 2643 Ariovist
594 2588 659 2643 bald
694 2589 765 2644 noch
819 2588 987 2652 habiturum
1022 2589 1091 2643 deun
1110 2589 1179 2643 nach
1199 2588 1248 2643 der
1267 2590 1400 2657 Meiuung

182 2676 273 2729 seiner
292 2675 446 2742 Besiepuug
470 2674 556 2729 durch
582 2675 668 2731 Cdsur
685 2691 710 2731 n.
729 2678 764 2729 58
818 2676 866 2731 des
887 2676 1001 2731 Sabinus
1026 2679 1063 2731 ist
1088 2678 1136 2733 der
1158 2678 1226 2731 Plan
1249 2677 1298 2731 des
1317 2677 1401 2731 Cotta

181 2764 332 2832 gestorben
351 2764 417 2817 sein.
818 2765 919 2830 defert,
940 2765 1001 2821 deis
1021 2766 1064 2821 die
1083 2766 1235 2834 Befolgnng
1254 2765 1399 2821 desselben

217 2856 241 2905 4.
270 2851 376 2918 ardere,
404 2851 438 2905 ci.
464 2852 509 2909 Vl.
535 2854 614 2906 347
645 2853 763 2907 omnium
817 2869 870 2907 nur
894 2854 974 2908 einen
1000 2855 1055 2908 uud
1072 2870 1145 2908 zwnr
1164 2856 1243 2908 einen
1263 2853 1399 2921 uugldck·

182 2941 266 2994 enimi
284 2940 319 2994 nd
338 2939 522 2994 ulciscendum
542 2940 685 2994 ardebant.
817 2941 905 2995 lichen
932 2945 1062 3012 Ausgeng
1086 2944 1176 2997 beben
1203 2944 1286 2997 kenn.
1313 2972 1345 2981 -
1375 2943 1401 2995 si

217 3031 241 3083 5.
262 3028 323 3097 quis
335 3029 385 3081 boc
396 3028 450 3083 sibi
458 3029 648 3095 persuaderet,
667 3030 695 3082 in
715 3027 763 3083 der
817 3045 874 3082 non
902 3070 908 3083 .
939 3036 995 3084 ,αι
1016 3048 1108 3099 „wenn
1130 3032 1232 3087 nicht.
1253 3073 1259 3085 .
1279 3046 1308 3086 so
1328 3030 1398 3085 docb

186 3123 256 3170 orat.
276 3125 354 3171 recte
373 3117 464 3171 wdrde
485 3117 533 3170 der
552 3117 630 3187 Conj.
644 3118 763 3186 potenti·
818 3118 1016 3187 neuigsteus“;
1042 3135 1072 3172 so
1097 3119 1173 3173 steht
1199 3119 1284 3174 diters
1305 3128 1334 3173 ut
1361 3120 1399 3173 im

183 3206 236 3258 alis
255 3205 361 3271 steheu,
387 3204 472 3259 daher
498 3206 546 3259 der
565 3206 642 3273 ConJ'.
663 3206 691 3258 in
714 3206 764 3260 der
818 3207 1066 3274 Folgerungssutze
1117 3207 1165 3261 der
1212 3206 1401 3274 Bediugungs-

182 3293 375 3347 rhetorischen
404 3293 495 3359 Fruge
514 3294 620 3348 deror.
645 3294 764 3361 oblique.
817 3295 939 3365 periodo,
960 3294 994 3350 cf.
1013 3297 1034 3349 Ι.
1052 3298 1096 3349 43.
1116 3299 1141 3353 9.
1163 3296 1208 3351 Vl.
1226 3298 1269 3350 40.
1289 3301 1315 3351 2.

181 3411 215 3420 -
246 3380 427 3447 descendisse,
464 3382 525 3436 sich
561 3382 591 3436 in
627 3383 677 3437 der
707 3384 764 3438 Not
1025 3378 1030 3385 ”

180 3485 215 3522 zu
252 3475 336 3523 etwas
367 3470 667 3526 Ausserordentlichem
705 3480 764 3525 ent·
852 3472 899 3528 30.
939 3476 960 3525 l.
988 3470 1019 3523 in
1043 3476 1185 3540 utrumqne
1207 3476 1325 3539 portem,
1354 3473 1400 3526 fdr

181 3556 337 3624 schlielseu,
368 3556 403 3611 cl.
435 3557 480 3611 Vl.
516 3561 554 3611 16.
585 3562 616 3623 53
653 3560 763 3614 nhulioh
818 3560 874 3615 und
902 3576 989 3629 gegen
1014 3560 1056 3615 die
1077 3560 1207 3627 Meiunng
1236 3560 1284 3614 der
1302 3560 1400 3614 beiden

181 3646 207 3699 b.
227 3661 250 3699 c.
270 3645 291 3699 l.
310 3648 335 3698 5,
353 3649 370 3699 3
394 3645 548 3701 decurritur
570 3648 605 3701 ed
628 3648 696 3702 illud
715 3665 761 3703 ex·
820 3649 996 3703 Feldberreu.
1019 3680 1054 3690 -
1073 3650 1227 3717 primisque
1254 3648 1401 3702 ordinibus

179 3740 296 3787 tremum
314 3742 399 3801 etque
417 3734 543 3789 ultimum
567 3744 678 3790 senatus
700 3752 764 3791 cou-
820 3758 852 3782 ==
873 3738 1075 3792 centurionibus
1094 3738 1244 3805 primorum
1264 3738 1400 3791 ordinum.

183 3821 295 3877 uultum.
818 3855 852 3865 -
876 3825 980 3879 Vincite
999 3826 1136 3895 „beheltet
1154 3826 1256 3883 recht“.

215 3914 241 3964 6.
267 3909 298 3962 in
316 3915 593 3979 utramquepartem,
622 3912 667 3967 fur
685 3914 765 3968 beide
853 3918 878 3969 2.
897 3928 992 3982 neque.
1014 3914 1044 3967 ln
1063 3915 1112 3969 der
1124 3914 1399 3970 leidenscheltlichen

179 3998 269 4067 Pelle,
297 3998 398 4053 welche
424 4000 544 4067 sogleich
573 4002 660 4056 uther
679 4018 762 4070 nuge-
817 4003 894 4058 Rede
913 4002 962 4057 des
982 4002 1099 4057 Sabinus
1118 4004 1156 4057 ist
1176 4018 1224 4059 vor
1242 4019 1331 4071 usque
1349 4004 1400 4057 der

180 4086 270 4154 geben
310 4087 427 4142 werden.
460 4092 497 4128 —‘
520 4089 546 4143 εἰ
586 4089 659 4143 nitori
696 4096 763 4144 cenet
816 4090 948 4146 Gedculre
977 4091 1037 4160 „ich
1067 4090 1131 4159 llige
1162 4092 1260 4157 mich“,
1291 4091 1340 4145 der
1372 4093 1398 4145 in

180 4173 289 4242 durinc,
316 4176 428 4232 thulich
456 4194 479 4233 c.
498 4181 578 4232 add
606 4180 628 4232 si
652 4180 761 4246 grunius
816 4178 876 4233 dem
905 4179 1143 4248 roruufgehenden
1167 4181 1268 4235 vincite
1295 4180 1398 4234 bereits

179 4263 247 4331 quid
274 4265 417 4329 accideritr
445 4266 481 4319 im
501 4267 657 4323 Deutschen
687 4268 763 4323 steht
816 4267 895 4336 liegt,
914 4269 1097 4323 unterdrdekt
1115 4269 1232 4324 worden.
