2934 4750
181 193 222 256 86
654 203 695 262 De
713 201 786 262 bello
804 201 918 265 Gallico.

198 349 394 428 asilvestris,
424 352 461 413 ut
490 365 553 414 non
583 346 675 414 facile
704 349 862 416 introrsus
890 348 1028 433 perspici
1056 353 1172 431 posset.
1217 349 1305 414 Intra
1331 364 1383 415 eas

232 455 327 520 silvas
349 452 456 519 hostes
478 453 511 518 in
534 454 656 520 occulto
679 473 749 520 sese
771 455 989 534 continebant3
1011 456 1046 520 in
1066 459 1177 538 aperto
1191 454 1260 520 loeo
1275 472 1384 520 secun-

233 561 307 626 dum
338 557 453 625 flumen
487 577 607 641 paucae
641 561 795 627 stationes
826 562 966 643 equitum
994 560 1191 628 ridebantur.
1235 559 1384 625 Fluminis

232 672 302 734 erat
324 665 457 731 altitudo
480 666 608 734 circiter
629 667 746 752 pedum
767 666 874 734 trium.

199 797 212 847 1
321 778 372 840 19.
411 771 529 837 (laesor
563 771 707 853 equitatu
745 773 919 854 praemisso
955 772 1208 854 subsequebatur
1243 770 1385 838 omnibus

231 879 341 963 copiis3
365 878 421 943 sed
443 878 526 943 ratio
550 877 689 960 ordoque
712 878 845 959 agminis
869 876 964 945 aliter
986 897 1022 944 se
1045 878 1192 959 habebat,
1216 897 1256 944 ac
1271 877 1385 959 Belgae

135 996 138 1002 '
195 987 271 1061 2ad
294 985 425 1051 Nervios
453 983 642 1052 detulerant.
689 983 772 1050 Nam
800 984 885 1067 quod
912 985 954 1050 ad
984 984 1083 1051 hostis
1106 984 1384 1068 appropinquabat,
1455 1068 1456 1071 Ἴ

195 1091 457 1165 sconsuetudine
487 1109 545 1156 sua
569 1087 689 1156 Caesar
711 1108 767 1156 sen
788 1090 929 1172 legiones
951 1091 1115 1173 expeditas
1139 1091 1286 1167 ducebam
1316 1091 1386 1171 post

232 1216 285 1264 eas
308 1197 407 1263 totius
426 1195 582 1262 exercitus
597 1196 823 1277 impedimenta
842 1195 1029 1276 collocarat3
1051 1196 1126 1262 inde
1141 1197 1222 1262 dnae
1237 1196 1384 1278 legiones,

231 1322 312 1385 quoe
345 1321 496 1385 proxume
531 1302 729 1385 conscriptae
766 1305 875 1382 erant,
912 1307 1014 1368 totum
1050 1321 1164 1385 agmen
1198 1301 1387 1369 claudebant

196 1432 213 1483 4
231 1407 451 1493 praesidioque
462 1407 695 1490 impedimentis
708 1411 808 1476 erant.
832 1407 966 1491 Equites
982 1409 1083 1475 nostri
1098 1427 1169 1473 cum
1180 1406 1387 1474 funditoribus

231 1514 470 1598 sagittariisque
493 1511 608 1578 flumen
624 1514 818 1596 transgressi
833 1531 904 1579 cum
920 1512 1058 1579 hostium
1074 1514 1220 1595 equitatu
1235 1512 1386 1596 proelium

197 1645 213 1696 5
231 1620 464 1688 commisertmt.
499 1617 578 1683 (lum
601 1635 635 1682 se
659 1618 705 1683 illi
719 1619 890 1684 identidem
905 1619 939 1684 in
953 1619 1050 1685 silvas
1065 1619 1107 1684 ad
1121 1636 1195 1684 suos
1211 1619 1386 1702 reciperent

230 1747 269 1794 ac
296 1743 406 1791 rursus
434 1743 472 1790 ex
497 1723 578 1789 silva
605 1724 638 1789 in
667 1729 794 1790 nostros
826 1725 977 1806 impetum
1001 1722 1141 1790 lacerent
1162 1742 1266 1806 neque
1288 1723 1387 1789 nostri

229 1832 365 1915 longius,
388 1848 481 1914 quam
502 1847 594 1911 quem
609 1830 650 1895 sd
673 1828 767 1896 tinem
791 1834 940 1911 porrecta
961 1829 1031 1895 loca
1050 1834 1161 1911 aperta
1175 1830 1384 1911 pertinebant,

230 1939 377 2005 cedentes
406 1936 531 2018 insequi
559 1936 723 2016 auderent,
756 1936 883 2001 interim
905 1935 1047 2019 legiones
1069 1953 1134 2018 sex,
1164 1954 1247 2018 quae
1268 1937 1385 2019 primam

195 2049 392 2124 evenerant,
416 2061 511 2125 opere
534 2042 675 2108 dimenso
698 2047 804 2108 castra
825 2043 949 2109 munire
972 2046 1153 2124 coeperunt.
1199 2042 1263 2108 Ubi
1286 2043 1386 2125 prima

229 2151 451 2233 impedimenta
474 2149 574 2214 nostri
597 2149 752 2215 exercitus
773 2148 878 2229 abiis,
900 2149 1002 2231 quiin
1017 2148 1105 2214 silvis
1120 2147 1221 2214 abditi
1236 2149 1384 2228 latebant,

229 2259 296 2323 visa
312 2259 395 2335 sunt,
418 2256 502 2337 quod
517 2259 643 2337 tempus
658 2255 743 2320 inter
759 2273 812 2321 eos
828 2254 1044 2321 committendi
1058 2254 1171 2337 proelii
1187 2257 1384 2334 convenerat,

229 2367 265 2429 ut
295 2363 380 2427 intra
409 2359 504 2426 silvas
529 2361 628 2427 aciem
651 2359 840 2444 ordinesque
864 2360 1095 2427 constituerant
1114 2363 1212 2441 atque
1234 2361 1295 2444 ipsi
1317 2378 1384 2427 sese

229 2466 505 2547 confirmaverant,
536 2466 640 2533 subito
666 2466 810 2533 omnibus
834 2466 930 2549 copiis
952 2465 1197 2548 provolaverunt
1217 2466 1383 2550 impetum·

195 2591 291 2656 pque
319 2575 352 2639 in
379 2576 504 2639 nostros
531 2573 652 2653 equites
679 2571 829 2637 fecerunt.
874 2570 932 2637 His
962 2570 1055 2637 facile
1076 2571 1177 2654 pulsis
1199 2591 1238 2637 ac
1260 2576 1384 2656 protur-

229 2682 312 2747 batis
340 2677 517 2745 incredibili
548 2677 710 2745 celeritate
734 2679 776 2743 ad
798 2675 916 2744 flumen
939 2677 1196 2759 decucurrerunt,
1226 2685 1264 2746 ut
1286 2696 1385 2762 paene

211 2843 236 2896 3.
254 2836 401 2892 secandam
420 2834 521 2905 (sequi)
540 2835 660 2905 ,ldngs“.
679 2834 713 2891 of.
728 2835 754 2890 b.
808 2834 894 2890 daher
912 2851 947 2890 ex
965 2834 1042 2890 silva.
1061 2865 1095 2874 —
1114 2851 1192 2903 qoem
1209 2834 1249 2889 ad
1265 2834 1384 2901 fineen:

175 2946 198 2984 c.
215 2928 264 2986 ΙΙΙ.
283 2928 325 2983 65.
345 2929 361 2980 3
380 2924 528 2981 secundum
545 2938 629 2980 mare.
649 2953 683 2963 —
698 2928 754 2977 ata·
808 2939 862 2991 quo
880 2939 975 2992 usque.
994 2952 1028 2962 —
1044 2928 1172 2992 porrecta
1189 2924 1227 2978 ist
1244 2924 1321 2979 nieht
1334 2923 1385 2978 mit

174 3016 262 3071 tiones
282 3012 478 3084 „Vorpostsn“.
807 3011 1384 3081 apertalocaauverbinden,sondernwie

174 3156 238 3209 m
251 3154 353 3199 19-22.
360 3152 518 3197 mmm
524 3150 633 3197 cam·
643 3151 754 3196 Mm-
806 3101 835 3154 in
850 3101 865 3167 q
879 3100 992 3156 dabditi
1001 3099 1134 3169 latebant,
1147 3099 1384 3155 veransehaulicht

192 3183 306 3277 braidam
320 3222 504 3275 Aufstsllung
518 3221 568 3267 dar
580 3182 740 3267 rbmisnhan
807 3188 856 3243 ὼε
868 3189 972 3246 Partiz·
985 3188 1037 3243 ‘1⁰¹¹
1048 3186 1155 3275 Begfiff
1165 3187 1213 3244 de⁸
1223 3188 1306 3243 verb·
1317 3187 1382 3242 finit·

389 3292 543 3346 Legionem.
808 3306 843 3318 -
860 3293 939 3345 opere
957 3276 1085 3335 dimenso.
1120 3277 1196 3333 Uber
1214 3277 1258 3333 dio
1275 3276 1382 3347 passive

210 3366 256 3421 19.
282 3369 304 3419 l.
322 3363 395 3418 ratio
407 3363 528 3431 ordoque
539 3362 575 3421 cf.
589 3364 609 3418 1.
624 3368 667 3420 31.
678 3366 755 3419 idco
808 3366 892 3419 Form
911 3365 944 3420 ei.
962 3366 1034 3420 nul
1055 3370 1097 3423 ll.
1114 3367 1139 3419 4.
1175 3366 1226 3421 Bei
1250 3366 1300 3421 der
1317 3365 1382 3419 Ver·

172 3455 250 3510 locus
268 3468 301 3507 ac
319 3451 406 3507 sedes.
807 3468 934 3521 messnng
952 3453 1046 3508 wnrde
1062 3459 1156 3508 ruerat
1172 3453 1222 3509 das
1232 3454 1382 3508 Pratorinm

210 3546 234 3596 2.
259 3540 297 3595 cd
320 3541 408 3593 tostas
429 3538 678 3607 appropinquabat,
704 3556 753 3594 un·
805 3540 852 3610 (cf.
864 3541 886 3595 1.
900 3544 941 3596 12.
953 3543 984 3610 2)
1001 3541 1162 3609 abgesteclrt
1174 3542 1230 3597 und
1241 3541 1330 3597 durch
1338 3542 1382 3596 ein

173 3628 362 3699 gewbhnliche
382 3626 495 3682 Konstr.
508 3632 575 3681 statt
587 3628 752 3692 desDativs;
806 3630 913 3685 neiises
933 3630 1082 3686 Fthnchen
1106 3630 1283 3696 bezeichnen
1311 3631 1382 3686 dann

171 3717 243 3774 anch
265 3717 311 3771 bei
335 3716 389 3771 Cic.
413 3714 447 3770 de
465 3714 512 3769 fin.
530 3716 576 3769 IV.
595 3719 637 3771 23.
656 3719 698 3771 64.
717 3748 750 3756 -
805 3718 916 3773 worden
933 3718 978 3773 die
995 3718 1100 3773 andern
1109 3718 1206 3774 Linien
1224 3719 1309 3775 durch
1326 3718 1381 3772 far·

171 3804 366 3862 conuocatae
383 3818 435 3855 suo
453 3801 488 3857 ei.
506 3820 542 3857 au
558 3804 580 3861 1.
600 3806 641 3859 52.
660 3807 686 3859 4.
803 3806 865 3875 bige
877 3806 1028 3862 Fahnchen
1043 3806 1110 3863 odor
1121 3807 1231 3863 Lanzen
1241 3807 1381 3863 kenntlieb

207 3897 232 3953 5.
249 3895 282 3947 ia
299 3893 393 3961 saluca
413 3892 461 3948 der
480 3892 586 3960 Plural,
604 3910 649 3947 nm
666 3909 750 3948 anzu-
803 3896 938 3962 gemacht,
966 3910 997 3951 so
1021 3895 1081 3952 dass
1103 3896 1184 3965 jeder
1201 3895 1381 3965 Truppenteil

170 3983 273 4051 seiger,
298 3982 359 4037 dals
383 3982 423 4037 sis
449 3980 508 4035 sich
533 3980 605 4035 beim
629 3981 750 4038 Zurdck·
804 3983 1379 4041 desheranziehendenHeeresseineStslle

170 4069 268 4125 niehen
286 4070 315 4124 in
331 4071 375 4125 die
387 4069 601 4125 verschiedenen
613 4069 689 4125 Teile
702 4069 750 4125 des
803 4072 945 4140 angezeigt
962 4071 1037 4130 fund.

170 4157 749 4229 Waldeszerstrentonffldhrendsie,nach·
838 4161 863 4214 6.
882 4159 955 4227 quod
968 4200 975 4215 .
988 4201 995 4217 .
1008 4165 1171 4215 convenerat
1183 4160 1217 4217 cf.
1226 4176 1261 4214 zu
1271 4160 1291 4215 I.
1301 4161 1344 4216 36.
1353 4160 1378 4213 5.

170 4247 231 4302 dem
250 4248 290 4302 rie
309 4249 368 4304 sich
386 4247 555 4318 gesammelt,
573 4263 623 4303 aus
642 4248 749 4302 einem
803 4276 835 4286 -—
860 4263 916 4303 sese
938 4246 1165 4313 ooafimtaoeroat
1188 4248 1246 4303 scil
1264 4248 1300 4303 ad
1316 4262 1378 4316 pro·

169 4335 275 4393 Punkte
300 4337 350 4392 des
375 4336 488 4393 Waldes
514 4336 747 4402 hervorbreehen,
801 4335 954 4393 volandum.
