<?xml version="1.0" encoding="UTF-8"?>
<!DOCTYPE html PUBLIC "-//W3C//DTD XHTML 1.0 Transitional//EN"
    "http://www.w3.org/TR/xhtml1/DTD/xhtml1-transitional.dtd">
<html xmlns="http://www.w3.org/1999/xhtml" xml:lang="en" lang="en">
 <head>
  <title>
</title>
<meta http-equiv="Content-Type" content="text/html;charset=utf-8" />
  <meta name='ocr-system' content='tesseract 3.04.00' />
  <meta name='ocr-capabilities' content='ocr_page ocr_carea ocr_par ocr_line ocrx_word'/>
</head>
<body>
  <div class='ocr_page' id='page_1' title='image "./ciuliicaesarisc00waltgoog_0343.png"; bbox 0 0 2934 4750; ppageno 0'>
   <div class='ocr_carea' id='block_1_1' title="bbox 561 253 1320 316">
    <p class='ocr_par' dir='ltr' id='par_1_1' title="bbox 561 253 1320 316">
     <span class='ocr_line' id='line_1_1' title="bbox 561 253 1320 316; baseline -0.005 0"><span class='ocrx_word' id='word_1_1' title='bbox 561 261 661 316; x_wconf 86' lang='lat' dir='ltr'>Corum.</span> <span class='ocrx_word' id='word_1_2' title='bbox 679 255 740 316; x_wconf 87' lang='lat' dir='ltr'>Vll.</span> <span class='ocrx_word' id='word_1_3' title='bbox 759 263 873 316; x_wconf 82' lang='grc'><strong>75-77.</strong></span> <span class='ocrx_word' id='word_1_4' title='bbox 1218 265 1221 272; x_wconf 90' lang='grc'><strong>“</strong></span> <span class='ocrx_word' id='word_1_5' title='bbox 1281 253 1320 312; x_wconf 77' lang='lat' dir='ltr'>‘ll</span> 
     </span>
    </p>
   </div>
   <div class='ocr_carea' id='block_1_2' title="bbox 109 396 1270 486">
    <p class='ocr_par' dir='ltr' id='par_1_2' title="bbox 109 396 1270 486">
     <span class='ocr_line' id='line_1_2' title="bbox 109 396 1270 486; baseline 0.002 -19"><span class='ocrx_word' id='word_1_6' title='bbox 109 403 236 468; x_wconf 90' lang='lat' dir='ltr'>nomine</span> <span class='ocrx_word' id='word_1_7' title='bbox 259 407 354 484; x_wconf 87' lang='lat' dir='ltr'>atque</span> <span class='ocrx_word' id='word_1_8' title='bbox 376 403 508 469; x_wconf 88' lang='lat' dir='ltr'>arbitrio</span> <span class='ocrx_word' id='word_1_9' title='bbox 531 422 603 468; x_wconf 92' lang='lat' dir='ltr'>cum</span> <span class='ocrx_word' id='word_1_10' title='bbox 626 402 777 468; x_wconf 88' lang='lat' dir='ltr'>Romanis</span> <span class='ocrx_word' id='word_1_11' title='bbox 805 396 923 469; x_wconf 89' lang='lat' dir='ltr'>bellum</span> <span class='ocrx_word' id='word_1_12' title='bbox 953 405 1099 486; x_wconf 80' lang='lat' dir='ltr'>gesturos</span> <span class='ocrx_word' id='word_1_13' title='bbox 1130 405 1270 471; x_wconf 81' lang='lat' dir='ltr'><strong>dicerent</strong></span> 
     </span>
    </p>
   </div>
   <div class='ocr_carea' id='block_1_3' title="bbox 40 500 1384 2600">
    <p class='ocr_par' dir='ltr' id='par_1_3' title="bbox 40 500 1384 2600">
     <span class='ocr_line' id='line_1_3' title="bbox 108 500 1271 592; baseline 0.003 -19"><span class='ocrx_word' id='word_1_14' title='bbox 108 527 211 590; x_wconf 91' lang='lat' dir='ltr'>neque</span> <span class='ocrx_word' id='word_1_15' title='bbox 246 510 431 590; x_wconf 91' lang='lat' dir='ltr'>cuiusquam</span> <span class='ocrx_word' id='word_1_16' title='bbox 464 510 595 590; x_wconf 91' lang='lat' dir='ltr'>imperio</span> <span class='ocrx_word' id='word_1_17' title='bbox 626 509 914 591; x_wconf 87' lang='lat' dir='ltr'>obtemperaturos;</span> <span class='ocrx_word' id='word_1_18' title='bbox 947 511 1052 592; x_wconf 87' lang='lat' dir='ltr'>rogati</span> <span class='ocrx_word' id='word_1_19' title='bbox 1071 500 1192 576; x_wconf 85' lang='lat' dir='ltr'>¹tamen</span> <span class='ocrx_word' id='word_1_20' title='bbox 1229 511 1271 576; x_wconf 90' lang='lat' dir='ltr'>ab</span> 
     </span>
     <span class='ocr_line' id='line_1_4' title="bbox 108 608 1013 703; baseline 0.002 -24"><span class='ocrx_word' id='word_1_21' title='bbox 108 613 250 680; x_wconf 80' lang='lat' dir='ltr'>Commio</span> <span class='ocrx_word' id='word_1_22' title='bbox 273 633 331 696; x_wconf 93' lang='lat' dir='ltr'>pro</span> <span class='ocrx_word' id='word_1_23' title='bbox 354 615 421 680; x_wconf 89' lang='lat' dir='ltr'>eius</span> <span class='ocrx_word' id='word_1_24' title='bbox 444 608 581 703; x_wconf 88' lang='lat' dir='ltr'>hospitio</span> <span class='ocrx_word' id='word_1_25' title='bbox 604 617 629 679; x_wconf 82' lang='lat' dir='ltr'>ir</span> <span class='ocrx_word' id='word_1_26' title='bbox 653 615 739 680; x_wconf 93' lang='lat' dir='ltr'>milia</span> <span class='ocrx_word' id='word_1_27' title='bbox 763 634 827 680; x_wconf 91' lang='lat' dir='ltr'>una</span> <span class='ocrx_word' id='word_1_28' title='bbox 849 617 1013 682; x_wconf 90' lang='lat' dir='ltr'>miserunt.</span> 
     </span>
     <span class='ocr_line' id='line_1_5' title="bbox 216 710 1310 803; baseline -0.002 -17"><span class='ocrx_word' id='word_1_29' title='bbox 216 724 266 787; x_wconf 94' lang='grc'>76.</span> <span class='ocrx_word' id='word_1_30' title='bbox 306 719 408 785; x_wconf 90' lang='lat' dir='ltr'>Huius</span> <span class='ocrx_word' id='word_1_31' title='bbox 431 737 528 802; x_wconf 90' lang='lat' dir='ltr'>opera</span> <span class='ocrx_word' id='word_1_32' title='bbox 544 717 686 800; x_wconf 85' lang='lat' dir='ltr'>Commii,</span> <span class='ocrx_word' id='word_1_33' title='bbox 710 727 746 786; x_wconf 92' lang='lat' dir='ltr'>ut</span> <span class='ocrx_word' id='word_1_34' title='bbox 761 710 857 786; x_wconf 86' lang='lat' dir='ltr'>antea</span> <span class='ocrx_word' id='word_1_35' title='bbox 873 711 1173 800; x_wconf 86' lang='lat' dir='ltr'>demonstravimus,</span> <span class='ocrx_word' id='word_1_36' title='bbox 1185 719 1270 786; x_wconf 83' lang='lat' dir='ltr'>fideli</span> <span class='ocrx_word' id='word_1_37' title='bbox 1289 737 1310 803; x_wconf 21' lang='lat'>1·</span> 
     </span>
     <span class='ocr_line' id='line_1_6' title="bbox 109 825 1268 909; baseline 0.001 -19"><span class='ocrx_word' id='word_1_38' title='bbox 109 831 206 907; x_wconf 89' lang='lat' dir='ltr'>atque</span> <span class='ocrx_word' id='word_1_39' title='bbox 230 825 301 890; x_wconf 89' lang='lat' dir='ltr'>utili</span> <span class='ocrx_word' id='word_1_40' title='bbox 324 826 541 909; x_wconf 89' lang='lat' dir='ltr'>superioribus</span> <span class='ocrx_word' id='word_1_41' title='bbox 563 828 655 890; x_wconf 89' lang='lat' dir='ltr'>annis</span> <span class='ocrx_word' id='word_1_42' title='bbox 679 830 750 893; x_wconf 87' lang='lat' dir='ltr'>erat</span> <span class='ocrx_word' id='word_1_43' title='bbox 772 845 849 892; x_wconf 88' lang='lat' dir='ltr'>usna</span> <span class='ocrx_word' id='word_1_44' title='bbox 878 828 910 892; x_wconf 93' lang='lat' dir='ltr'>in</span> <span class='ocrx_word' id='word_1_45' title='bbox 940 827 1106 892; x_wconf 79' lang='lat' dir='ltr'>Britannia</span> <span class='ocrx_word' id='word_1_46' title='bbox 1136 825 1268 908; x_wconf 82' lang='lat' dir='ltr'>Caesar3</span> 
     </span>
     <span class='ocr_line' id='line_1_7' title="bbox 79 920 1269 1013; baseline 0.001 -18"><span class='ocrx_word' id='word_1_47' title='bbox 79 949 83 956; x_wconf 91' lang='lat'><em>·</em></span> <span class='ocrx_word' id='word_1_48' title='bbox 106 920 221 1012; x_wconf 85' lang='lat' dir='ltr'>quibus</span> <span class='ocrx_word' id='word_1_49' title='bbox 243 931 297 997; x_wconf 89' lang='lat' dir='ltr'>ille</span> <span class='ocrx_word' id='word_1_50' title='bbox 319 950 377 1013; x_wconf 90' lang='lat' dir='ltr'>pro</span> <span class='ocrx_word' id='word_1_51' title='bbox 399 932 522 996; x_wconf 87' lang='lat' dir='ltr'>moritis</span> <span class='ocrx_word' id='word_1_52' title='bbox 544 932 704 997; x_wconf 89' lang='lat' dir='ltr'>civitatem</span> <span class='ocrx_word' id='word_1_53' title='bbox 728 933 797 997; x_wconf 87' lang='lat' dir='ltr'>eius</span> <span class='ocrx_word' id='word_1_54' title='bbox 826 933 995 997; x_wconf 89' lang='lat' dir='ltr'>immunem</span> <span class='ocrx_word' id='word_1_55' title='bbox 1027 951 1096 998; x_wconf 90' lang='lat' dir='ltr'>esse</span> <span class='ocrx_word' id='word_1_56' title='bbox 1123 933 1269 1010; x_wconf 88' lang='lat' dir='ltr'>iusserat,</span> 
     </span>
     <span class='ocr_line' id='line_1_8' title="bbox 107 1036 1303 1120; baseline -0.001 -19"><span class='ocrx_word' id='word_1_57' title='bbox 107 1038 178 1103; x_wconf 89' lang='lat' dir='ltr'>iura</span> <span class='ocrx_word' id='word_1_58' title='bbox 201 1037 350 1118; x_wconf 82' lang='lat' dir='ltr'>legesque</span> <span class='ocrx_word' id='word_1_59' title='bbox 372 1036 556 1103; x_wconf 81' lang='lat' dir='ltr'>reddiderat</span> <span class='ocrx_word' id='word_1_60' title='bbox 578 1043 674 1118; x_wconf 87' lang='lat' dir='ltr'>atque</span> <span class='ocrx_word' id='word_1_61' title='bbox 697 1039 756 1120; x_wconf 89' lang='lat' dir='ltr'>ipsi</span> <span class='ocrx_word' id='word_1_62' title='bbox 772 1039 912 1103; x_wconf 84' lang='lat' dir='ltr'>Morinos</span> <span class='ocrx_word' id='word_1_63' title='bbox 928 1039 1127 1105; x_wconf 86' lang='lat' dir='ltr'>attribuerat.</span> <span class='ocrx_word' id='word_1_64' title='bbox 1151 1039 1268 1103; x_wconf 86' lang='lat' dir='ltr'>Tamen</span> <span class='ocrx_word' id='word_1_65' title='bbox 1286 1050 1303 1100; x_wconf 88' lang='lat'>2</span> 
     </span>
     <span class='ocr_line' id='line_1_9' title="bbox 54 1142 1269 1232; baseline 0 -24"><span class='ocrx_word' id='word_1_66' title='bbox 54 1205 60 1214; x_wconf 83' lang='lat'>‚</span> <span class='ocrx_word' id='word_1_67' title='bbox 106 1148 200 1208; x_wconf 90' lang='lat' dir='ltr'>tanta</span> <span class='ocrx_word' id='word_1_68' title='bbox 223 1145 390 1208; x_wconf 88' lang='lat' dir='ltr'>universae</span> <span class='ocrx_word' id='word_1_69' title='bbox 413 1142 536 1208; x_wconf 89' lang='lat' dir='ltr'>Galliae</span> <span class='ocrx_word' id='word_1_70' title='bbox 558 1145 725 1232; x_wconf 85' lang='lat' dir='ltr'>consensio</span> <span class='ocrx_word' id='word_1_71' title='bbox 748 1143 810 1209; x_wconf 90' lang='lat' dir='ltr'>fuit</span> <span class='ocrx_word' id='word_1_72' title='bbox 832 1143 990 1210; x_wconf 80' lang='lat' dir='ltr'>libertatis</span> <span class='ocrx_word' id='word_1_73' title='bbox 1013 1144 1220 1210; x_wconf 81' lang='lat' dir='ltr'>vindicandae</span> <span class='ocrx_word' id='word_1_74' title='bbox 1235 1148 1269 1209; x_wconf 90' lang='lat' dir='ltr'>et</span> 
     </span>
     <span class='ocr_line' id='line_1_10' title="bbox 70 1247 1278 1331; baseline 0.001 -20"><span class='ocrx_word' id='word_1_75' title='bbox 70 1253 74 1261; x_wconf 87' lang='lat'>&#39;</span> <span class='ocrx_word' id='word_1_76' title='bbox 106 1249 260 1329; x_wconf 85' lang='lat' dir='ltr'>pristinae</span> <span class='ocrx_word' id='word_1_77' title='bbox 285 1247 358 1313; x_wconf 91' lang='lat' dir='ltr'>belli</span> <span class='ocrx_word' id='word_1_78' title='bbox 383 1247 487 1313; x_wconf 90' lang='lat' dir='ltr'>laudis</span> <span class='ocrx_word' id='word_1_79' title='bbox 510 1250 758 1330; x_wconf 81' lang='lat' dir='ltr'>recuperandae,</span> <span class='ocrx_word' id='word_1_80' title='bbox 791 1255 828 1313; x_wconf 93' lang='lat' dir='ltr'>ut</span> <span class='ocrx_word' id='word_1_81' title='bbox 858 1268 959 1330; x_wconf 89' lang='lat' dir='ltr'>neque</span> <span class='ocrx_word' id='word_1_82' title='bbox 983 1249 1142 1315; x_wconf 90' lang='lat' dir='ltr'>beneficiis</span> <span class='ocrx_word' id='word_1_83' title='bbox 1165 1266 1278 1331; x_wconf 89' lang='lat' dir='ltr'>neque·</span> 
     </span>
     <span class='ocr_line' id='line_1_11' title="bbox 106 1354 1268 1436; baseline 0.001 -19"><span class='ocrx_word' id='word_1_84' title='bbox 106 1354 267 1419; x_wconf 84' lang='lat' dir='ltr'>amicitiae</span> <span class='ocrx_word' id='word_1_85' title='bbox 283 1355 443 1422; x_wconf 88' lang='lat' dir='ltr'>memoria</span> <span class='ocrx_word' id='word_1_86' title='bbox 465 1360 677 1432; x_wconf 88' lang='lat' dir='ltr'>moverentur,</span> <span class='ocrx_word' id='word_1_87' title='bbox 707 1372 878 1435; x_wconf 90' lang='lat' dir='ltr'>omnesque</span> <span class='ocrx_word' id='word_1_88' title='bbox 907 1362 940 1420; x_wconf 83' lang='lat' dir='ltr'>et</span> <span class='ocrx_word' id='word_1_89' title='bbox 967 1357 1072 1420; x_wconf 90' lang='lat' dir='ltr'>animo</span> <span class='ocrx_word' id='word_1_90' title='bbox 1099 1362 1133 1420; x_wconf 89' lang='lat' dir='ltr'>et</span> <span class='ocrx_word' id='word_1_91' title='bbox 1156 1354 1268 1436; x_wconf 89' lang='lat' dir='ltr'>opibus</span> 
     </span>
     <span class='ocr_line' id='line_1_12' title="bbox 106 1458 1303 1543; baseline 0 -19"><span class='ocrx_word' id='word_1_92' title='bbox 106 1461 140 1524; x_wconf 94' lang='lat' dir='ltr'>in</span> <span class='ocrx_word' id='word_1_93' title='bbox 170 1459 203 1524; x_wconf 90' lang='lat' dir='ltr'>id</span> <span class='ocrx_word' id='word_1_94' title='bbox 234 1458 350 1525; x_wconf 92' lang='lat' dir='ltr'>bellum</span> <span class='ocrx_word' id='word_1_95' title='bbox 380 1460 609 1533; x_wconf 87' lang='lat' dir='ltr'>incumberent.</span> <span class='ocrx_word' id='word_1_96' title='bbox 662 1458 790 1526; x_wconf 81' lang='lat' dir='ltr'>Coactis</span> <span class='ocrx_word' id='word_1_97' title='bbox 821 1461 962 1543; x_wconf 87' lang='lat' dir='ltr'>equitum</span> <span class='ocrx_word' id='word_1_98' title='bbox 993 1479 1050 1526; x_wconf 85' lang='lat' dir='ltr'>rur</span> <span class='ocrx_word' id='word_1_99' title='bbox 1079 1459 1206 1527; x_wconf 89' lang='lat' dir='ltr'>milibus</span> <span class='ocrx_word' id='word_1_100' title='bbox 1235 1465 1303 1525; x_wconf 83' lang='lat' dir='ltr'>era</span> 
     </span>
     <span class='ocr_line' id='line_1_13' title="bbox 106 1564 1267 1650; baseline -0.001 -20"><span class='ocrx_word' id='word_1_101' title='bbox 106 1564 251 1648; x_wconf 89' lang='lat' dir='ltr'>peditum</span> <span class='ocrx_word' id='word_1_102' title='bbox 273 1566 399 1631; x_wconf 89' lang='lat' dir='ltr'>circiter</span> <span class='ocrx_word' id='word_1_103' title='bbox 422 1585 476 1632; x_wconf 77' lang='lat' dir='ltr'>cci,</span> <span class='ocrx_word' id='word_1_104' title='bbox 498 1565 583 1631; x_wconf 74' lang='lat' dir='ltr'>haec‘</span> <span class='ocrx_word' id='word_1_105' title='bbox 600 1567 632 1630; x_wconf 94' lang='lat' dir='ltr'>in</span> <span class='ocrx_word' id='word_1_106' title='bbox 655 1564 861 1650; x_wconf 86' lang='lat' dir='ltr'>Haeduorum</span> <span class='ocrx_word' id='word_1_107' title='bbox 876 1566 990 1632; x_wconf 88' lang='lat' dir='ltr'>finibus</span> <span class='ocrx_word' id='word_1_108' title='bbox 1010 1568 1267 1644; x_wconf 83' lang='lat' dir='ltr'>recensebantur,</span> 
     </span>
     <span class='ocr_line' id='line_1_14' title="bbox 105 1656 1303 1761; baseline -0.002 -27"><span class='ocrx_word' id='word_1_109' title='bbox 105 1689 318 1752; x_wconf 86' lang='lat' dir='ltr'>numerusque</span> <span class='ocrx_word' id='word_1_110' title='bbox 339 1671 491 1751; x_wconf 87' lang='lat' dir='ltr'>inibatur,</span> <span class='ocrx_word' id='word_1_111' title='bbox 515 1656 668 1753; x_wconf 83' lang='lat' dir='ltr'>praelecti</span> <span class='ocrx_word' id='word_1_112' title='bbox 690 1667 971 1761; x_wconf 85' lang='lat' dir='ltr'>constituebantur.</span> <span class='ocrx_word' id='word_1_113' title='bbox 1018 1670 1157 1737; x_wconf 83' lang='lat' dir='ltr'>Commio</span> <span class='ocrx_word' id='word_1_114' title='bbox 1173 1673 1267 1735; x_wconf 91' lang='lat' dir='ltr'>Atre·</span> <span class='ocrx_word' id='word_1_115' title='bbox 1286 1684 1303 1732; x_wconf 85' lang='lat'>4</span> 
     </span>
     <span class='ocr_line' id='line_1_15' title="bbox 40 1776 1267 1859; baseline -0.001 -18"><span class='ocrx_word' id='word_1_116' title='bbox 40 1783 43 1787; x_wconf 86' lang='grc'><strong>’</strong></span> <span class='ocrx_word' id='word_1_117' title='bbox 105 1778 183 1856; x_wconf 90' lang='lat' dir='ltr'>bati,</span> <span class='ocrx_word' id='word_1_118' title='bbox 208 1777 406 1857; x_wconf 85' lang='lat' dir='ltr'>Viridomaro</span> <span class='ocrx_word' id='word_1_119' title='bbox 429 1784 462 1842; x_wconf 83' lang='lat' dir='ltr'>et</span> <span class='ocrx_word' id='word_1_120' title='bbox 485 1777 695 1859; x_wconf 81' lang='lat' dir='ltr'>Eporedorigi</span> <span class='ocrx_word' id='word_1_121' title='bbox 717 1777 868 1857; x_wconf 91' lang='lat' dir='ltr'>Haeduis,</span> <span class='ocrx_word' id='word_1_122' title='bbox 893 1777 1186 1844; x_wconf 89' lang='lat' dir='ltr'>Vercassivellauno</span> <span class='ocrx_word' id='word_1_123' title='bbox 1209 1776 1267 1840; x_wconf 86' lang='lat' dir='ltr'>Ar-</span> 
     </span>
     <span class='ocr_line' id='line_1_16' title="bbox 105 1870 1266 1966; baseline 0 -21"><span class='ocrx_word' id='word_1_124' title='bbox 105 1901 213 1961; x_wconf 87' lang='lat' dir='ltr'>verno,</span> <span class='ocrx_word' id='word_1_125' title='bbox 236 1883 423 1948; x_wconf 90' lang='lat' dir='ltr'>consobrino</span> <span class='ocrx_word' id='word_1_126' title='bbox 447 1883 720 1965; x_wconf 86' lang='lat' dir='ltr'>Vercingetorigis,</span> <span class='ocrx_word' id='word_1_127' title='bbox 745 1902 869 1949; x_wconf 89' lang='lat' dir='ltr'>summa</span> <span class='ocrx_word' id='word_1_128' title='bbox 890 1870 1013 1966; x_wconf 88' lang='lat' dir='ltr'>imperii</span> <span class='ocrx_word' id='word_1_129' title='bbox 1028 1883 1178 1949; x_wconf 88' lang='lat' dir='ltr'>traditur.</span> <span class='ocrx_word' id='word_1_130' title='bbox 1208 1881 1266 1946; x_wconf 91' lang='lat' dir='ltr'>His</span> 
     </span>
     <span class='ocr_line' id='line_1_17' title="bbox 107 1973 1266 2082; baseline -0.001 -30"><span class='ocrx_word' id='word_1_131' title='bbox 107 1987 222 2053; x_wconf 89' lang='lat' dir='ltr'>delecti</span> <span class='ocrx_word' id='word_1_132' title='bbox 246 2007 284 2053; x_wconf 89' lang='lat' dir='ltr'>ex</span> <span class='ocrx_word' id='word_1_133' title='bbox 308 1989 490 2054; x_wconf 89' lang='lat' dir='ltr'>civitatibus</span> <span class='ocrx_word' id='word_1_134' title='bbox 513 1973 740 2069; x_wconf 88' lang='lat' dir='ltr'>attribuuntur,</span> <span class='ocrx_word' id='word_1_135' title='bbox 761 2007 898 2070; x_wconf 90' lang='lat' dir='ltr'>quorum</span> <span class='ocrx_word' id='word_1_136' title='bbox 923 1989 1052 2082; x_wconf 84' lang='lat' dir='ltr'>consilio</span> <span class='ocrx_word' id='word_1_137' title='bbox 1076 1988 1193 2053; x_wconf 89' lang='lat' dir='ltr'>bellom</span> <span class='ocrx_word' id='word_1_138' title='bbox 1210 1988 1266 2052; x_wconf 91' lang='lat' dir='ltr'>ad-</span> 
     </span>
     <span class='ocr_line' id='line_1_18' title="bbox 107 2093 1300 2175; baseline 0 -18"><span class='ocrx_word' id='word_1_139' title='bbox 107 2094 351 2159; x_wconf 85' lang='lat' dir='ltr'>ministraretur.</span> <span class='ocrx_word' id='word_1_140' title='bbox 402 2093 519 2159; x_wconf 89' lang='lat' dir='ltr'>Omnes</span> <span class='ocrx_word' id='word_1_141' title='bbox 551 2093 672 2159; x_wconf 88' lang='lat' dir='ltr'>alacres</span> <span class='ocrx_word' id='word_1_142' title='bbox 705 2099 738 2159; x_wconf 89' lang='lat' dir='ltr'>et</span> <span class='ocrx_word' id='word_1_143' title='bbox 771 2093 904 2160; x_wconf 87' lang='lat' dir='ltr'>fiduciae</span> <span class='ocrx_word' id='word_1_144' title='bbox 934 2093 1018 2175; x_wconf 92' lang='lat' dir='ltr'>pleni</span> <span class='ocrx_word' id='word_1_145' title='bbox 1053 2095 1093 2159; x_wconf 92' lang='lat' dir='ltr'>ad</span> <span class='ocrx_word' id='word_1_146' title='bbox 1126 2093 1300 2158; x_wconf 79' lang='lat' dir='ltr'>Alesiamc</span> 
     </span>
     <span class='ocr_line' id='line_1_19' title="bbox 104 2198 1345 2282; baseline 0.002 -20"><span class='ocrx_word' id='word_1_147' title='bbox 104 2198 355 2280; x_wconf 82' lang='lat' dir='ltr'>proficiscuntur,</span> <span class='ocrx_word' id='word_1_148' title='bbox 374 2218 473 2281; x_wconf 87' lang='lat' dir='ltr'>noque</span> <span class='ocrx_word' id='word_1_149' title='bbox 490 2204 559 2264; x_wconf 89' lang='lat' dir='ltr'>erat</span> <span class='ocrx_word' id='word_1_150' title='bbox 574 2201 713 2264; x_wconf 89' lang='lat' dir='ltr'>omnium</span> <span class='ocrx_word' id='word_1_151' title='bbox 729 2201 905 2282; x_wconf 86' lang='lat' dir='ltr'>quisquam,</span> <span class='ocrx_word' id='word_1_152' title='bbox 923 2200 977 2281; x_wconf 89' lang='lat' dir='ltr'>qui</span> <span class='ocrx_word' id='word_1_153' title='bbox 993 2206 1156 2281; x_wconf 88' lang='lat' dir='ltr'>aspectum</span> <span class='ocrx_word' id='word_1_154' title='bbox 1172 2200 1265 2265; x_wconf 92' lang='lat' dir='ltr'>modo</span> <span class='ocrx_word' id='word_1_155' title='bbox 1342 2214 1345 2218; x_wconf 84' lang='grc'><strong>’</strong></span> 
     </span>
     <span class='ocr_line' id='line_1_20' title="bbox 104 2297 1384 2388; baseline 0.002 -20"><span class='ocrx_word' id='word_1_156' title='bbox 104 2311 214 2369; x_wconf 85' lang='lat' dir='ltr'>tantae</span> <span class='ocrx_word' id='word_1_157' title='bbox 250 2303 461 2369; x_wconf 89' lang='lat' dir='ltr'>multitudinis</span> <span class='ocrx_word' id='word_1_158' title='bbox 502 2305 653 2370; x_wconf 89' lang='lat' dir='ltr'>sustineri</span> <span class='ocrx_word' id='word_1_159' title='bbox 691 2297 784 2388; x_wconf 86' lang='lat' dir='ltr'>posse</span> <span class='ocrx_word' id='word_1_160' title='bbox 823 2306 1042 2387; x_wconf 87' lang='lat' dir='ltr'>arbitraretur,</span> <span class='ocrx_word' id='word_1_161' title='bbox 1077 2309 1265 2387; x_wconf 87' lang='lat' dir='ltr'>praesertim</span> <span class='ocrx_word' id='word_1_162' title='bbox 1379 2373 1384 2382; x_wconf 67' lang='grc'><strong><em>,</em></strong></span> 
     </span>
     <span class='ocr_line' id='line_1_21' title="bbox 56 2410 1266 2495; baseline 0.001 -20"><span class='ocrx_word' id='word_1_163' title='bbox 56 2430 59 2433; x_wconf 74' lang='grc'><strong>’</strong></span> <span class='ocrx_word' id='word_1_164' title='bbox 105 2412 238 2492; x_wconf 90' lang='lat' dir='ltr'>ancipiti</span> <span class='ocrx_word' id='word_1_165' title='bbox 267 2410 399 2493; x_wconf 89' lang='lat' dir='ltr'>proelio,</span> <span class='ocrx_word' id='word_1_166' title='bbox 432 2430 501 2475; x_wconf 91' lang='lat' dir='ltr'>cum</span> <span class='ocrx_word' id='word_1_167' title='bbox 539 2430 578 2475; x_wconf 85' lang='lat' dir='ltr'>ex</span> <span class='ocrx_word' id='word_1_168' title='bbox 610 2412 725 2493; x_wconf 93' lang='lat' dir='ltr'>oppido</span> <span class='ocrx_word' id='word_1_169' title='bbox 758 2413 924 2494; x_wconf 89' lang='lat' dir='ltr'>eruptione</span> <span class='ocrx_word' id='word_1_170' title='bbox 954 2418 1160 2495; x_wconf 88' lang='lat' dir='ltr'>pugnaretur,</span> <span class='ocrx_word' id='word_1_171' title='bbox 1190 2410 1266 2478; x_wconf 86' lang='lat' dir='ltr'>foris</span> 
     </span>
     <span class='ocr_line' id='line_1_22' title="bbox 103 2502 1015 2600; baseline 0.003 -19"><span class='ocrx_word' id='word_1_172' title='bbox 103 2522 214 2581; x_wconf 88' lang='lat' dir='ltr'>tantae</span> <span class='ocrx_word' id='word_1_173' title='bbox 238 2508 353 2598; x_wconf 78' lang='lat' dir='ltr'>copiae</span> <span class='ocrx_word' id='word_1_174' title='bbox 369 2502 530 2598; x_wconf 81' lang='lat' dir='ltr'>equitatus</span> <span class='ocrx_word' id='word_1_175' title='bbox 553 2517 778 2600; x_wconf 89' lang='lat' dir='ltr'>peditatusque</span> <span class='ocrx_word' id='word_1_176' title='bbox 802 2524 1015 2585; x_wconf 89' lang='lat' dir='ltr'>cernerentur.</span> 
     </span>
    </p>
   </div>
   <div class='ocr_carea' id='block_1_4' title="bbox 212 2623 1411 2705">
    <p class='ocr_par' dir='ltr' id='par_1_4' title="bbox 212 2623 1411 2705">
     <span class='ocr_line' id='line_1_23' title="bbox 212 2623 1411 2705; baseline -0.001 -17"><span class='ocrx_word' id='word_1_177' title='bbox 212 2628 263 2688; x_wconf 92' lang='grc'>77.</span> <span class='ocrx_word' id='word_1_178' title='bbox 302 2625 344 2686; x_wconf 80' lang='lat' dir='ltr'>At</span> <span class='ocrx_word' id='word_1_179' title='bbox 365 2624 398 2703; x_wconf 92' lang='lat' dir='ltr'>ii,</span> <span class='ocrx_word' id='word_1_180' title='bbox 421 2624 475 2704; x_wconf 91' lang='lat' dir='ltr'>qui</span> <span class='ocrx_word' id='word_1_181' title='bbox 498 2623 623 2688; x_wconf 88' lang='lat' dir='ltr'>Alesiae</span> <span class='ocrx_word' id='word_1_182' title='bbox 647 2624 884 2705; x_wconf 88' lang='lat' dir='ltr'>obsidebantur,</span> <span class='ocrx_word' id='word_1_183' title='bbox 909 2625 1085 2705; x_wconf 88' lang='lat' dir='ltr'>praeterita</span> <span class='ocrx_word' id='word_1_184' title='bbox 1115 2623 1175 2704; x_wconf 89' lang='lat' dir='ltr'>die,</span> <span class='ocrx_word' id='word_1_185' title='bbox 1203 2635 1297 2705; x_wconf 86' lang='lat' dir='ltr'>qual</span> <span class='ocrx_word' id='word_1_186' title='bbox 1408 2680 1411 2687; x_wconf 91' lang='lat'>.</span> 
     </span>
    </p>
   </div>
   <div class='ocr_carea' id='block_1_5' title="bbox 103 2721 1265 2917">
    <p class='ocr_par' dir='ltr' id='par_1_5' title="bbox 103 2721 1265 2917">
     <span class='ocr_line' id='line_1_24' title="bbox 103 2721 1264 2812; baseline -0.001 -19"><span class='ocrx_word' id='word_1_187' title='bbox 103 2728 221 2794; x_wconf 85' lang='lat' dir='ltr'>auxilia</span> <span class='ocrx_word' id='word_1_188' title='bbox 243 2747 373 2795; x_wconf 92' lang='lat' dir='ltr'>suorum</span> <span class='ocrx_word' id='word_1_189' title='bbox 398 2721 669 2811; x_wconf 82' lang='lat' dir='ltr'>exspectaverant,</span> <span class='ocrx_word' id='word_1_190' title='bbox 694 2729 879 2812; x_wconf 84' lang='lat' dir='ltr'>&#39;consumpto</span> <span class='ocrx_word' id='word_1_191' title='bbox 895 2732 979 2795; x_wconf 92' lang='lat' dir='ltr'>omni</span> <span class='ocrx_word' id='word_1_192' title='bbox 994 2729 1153 2795; x_wconf 79' lang='lat' dir='ltr'>frumento</span> <span class='ocrx_word' id='word_1_193' title='bbox 1165 2728 1264 2808; x_wconf 88' lang='lat' dir='ltr'>inscii,</span> 
     </span>
     <span class='ocr_line' id='line_1_25' title="bbox 103 2834 1265 2917; baseline -0.002 -18"><span class='ocrx_word' id='word_1_194' title='bbox 103 2835 178 2917; x_wconf 93' lang='lat' dir='ltr'>quid</span> <span class='ocrx_word' id='word_1_195' title='bbox 197 2836 234 2899; x_wconf 77' lang='lat' dir='ltr'>-in</span> <span class='ocrx_word' id='word_1_196' title='bbox 258 2834 398 2900; x_wconf 88' lang='lat' dir='ltr'>Haeduis</span> <span class='ocrx_word' id='word_1_197' title='bbox 428 2842 601 2917; x_wconf 76' lang='lat' dir='ltr'>gereretur,</span> <span class='ocrx_word' id='word_1_198' title='bbox 637 2835 769 2901; x_wconf 90' lang='lat' dir='ltr'>coneilio</span> <span class='ocrx_word' id='word_1_199' title='bbox 804 2840 913 2901; x_wconf 87' lang='lat' dir='ltr'>coacto</span> <span class='ocrx_word' id='word_1_200' title='bbox 948 2836 986 2901; x_wconf 91' lang='lat' dir='ltr'>de</span> <span class='ocrx_word' id='word_1_201' title='bbox 1019 2837 1104 2900; x_wconf 85' lang='lat' dir='ltr'>exitu</span> <span class='ocrx_word' id='word_1_202' title='bbox 1138 2850 1265 2899; x_wconf 86' lang='lat' dir='ltr'>suarum</span> 
     </span>
    </p>
   </div>
   <div class='ocr_carea' id='block_1_6' title="bbox 20 3007 1358 4394">
    <p class='ocr_par' dir='ltr' id='par_1_6' title="bbox 20 3007 1358 4394">
     <span class='ocr_line' id='line_1_26' title="bbox 86 3007 1351 3078; baseline -0.002 -14"><span class='ocrx_word' id='word_1_203' title='bbox 86 3020 112 3053; x_wconf 72' lang='lat' dir='ltr'><em>s</em></span> <span class='ocrx_word' id='word_1_204' title='bbox 140 3009 185 3064; x_wconf 87' lang='grc'>76.</span> <span class='ocrx_word' id='word_1_205' title='bbox 225 3013 247 3062; x_wconf 92' lang='grc'>1.</span> <span class='ocrx_word' id='word_1_206' title='bbox 275 3015 370 3076; x_wconf 67' lang='lat' dir='ltr'>anuo,</span> <span class='ocrx_word' id='word_1_207' title='bbox 396 3007 431 3064; x_wconf 81' lang='lat' dir='ltr'>cf.</span> <span class='ocrx_word' id='word_1_208' title='bbox 459 3009 506 3063; x_wconf 90' lang='lat' dir='ltr'>IV.</span> <span class='ocrx_word' id='word_1_209' title='bbox 534 3014 577 3063; x_wconf 88' lang='lat'>21.</span> <span class='ocrx_word' id='word_1_210' title='bbox 605 3012 630 3064; x_wconf 90' lang='grc'>7.</span> <span class='ocrx_word' id='word_1_211' title='bbox 650 3040 682 3049; x_wconf 93' lang='grc'>-</span> <span class='ocrx_word' id='word_1_212' title='bbox 739 3008 768 3064; x_wconf 83' lang='lat' dir='ltr'>C.</span> <span class='ocrx_word' id='word_1_213' title='bbox 791 3008 887 3064; x_wconf 84' lang='lat' dir='ltr'>irtlher</span> <span class='ocrx_word' id='word_1_214' title='bbox 910 3010 951 3063; x_wconf 85' lang='lat' dir='ltr'>ala</span> <span class='ocrx_word' id='word_1_215' title='bbox 974 3009 1065 3078; x_wconf 85' lang='lat' dir='ltr'>Konig</span> <span class='ocrx_word' id='word_1_216' title='bbox 1094 3009 1143 3063; x_wconf 88' lang='lat' dir='ltr'>der</span> <span class='ocrx_word' id='word_1_217' title='bbox 1164 3007 1318 3064; x_wconf 72' lang='lat' dir='ltr'>Atrebbtcn</span> <span class='ocrx_word' id='word_1_218' title='bbox 1348 3017 1351 3021; x_wconf 87' lang='grc'><strong>’</strong></span> 
     </span>
     <span class='ocr_line' id='line_1_27' title="bbox 103 3096 1318 3165; baseline 0.002 -17"><span class='ocrx_word' id='word_1_219' title='bbox 103 3097 240 3149; x_wconf 76' lang='lat' dir='ltr'>civitatem</span> <span class='ocrx_word' id='word_1_220' title='bbox 276 3097 346 3163; x_wconf 84' lang='lat' dir='ltr'>eiua,</span> <span class='ocrx_word' id='word_1_221' title='bbox 384 3097 427 3150; x_wconf 89' lang='lat' dir='ltr'>die</span> <span class='ocrx_word' id='word_1_222' title='bbox 464 3096 623 3151; x_wconf 73' lang='lat' dir='ltr'>Atrebatem</span> <span class='ocrx_word' id='word_1_223' title='bbox 649 3127 683 3136; x_wconf 93' lang='lat'><em>-</em></span> <span class='ocrx_word' id='word_1_224' title='bbox 737 3097 942 3165; x_wconf 85' lang='lat' dir='ltr'>eingesctzt,ci.</span> <span class='ocrx_word' id='word_1_225' title='bbox 955 3099 1002 3151; x_wconf 90' lang='lat' dir='ltr'>IV.</span> <span class='ocrx_word' id='word_1_226' title='bbox 1016 3101 1058 3152; x_wconf 82' lang='lat'>21.</span> <span class='ocrx_word' id='word_1_227' title='bbox 1071 3101 1096 3165; x_wconf 84' lang='grc'>7,·</span> <span class='ocrx_word' id='word_1_228' title='bbox 1109 3096 1318 3151; x_wconf 86' lang='lat' dir='ltr'>undaicbauch</span> 
     </span>
     <span class='ocr_line' id='line_1_28' title="bbox 102 3184 1358 3255; baseline 0.002 -20"><span class='ocrx_word' id='word_1_229' title='bbox 102 3184 247 3237; x_wconf 78' lang='lat' dir='ltr'>immunem</span> <span class='ocrx_word' id='word_1_230' title='bbox 265 3199 336 3249; x_wconf 83' lang='lat' dir='ltr'>coac,</span> <span class='ocrx_word' id='word_1_231' title='bbox 364 3184 415 3239; x_wconf 88' lang='lat' dir='ltr'>deu</span> <span class='ocrx_word' id='word_1_232' title='bbox 438 3184 543 3239; x_wconf 88' lang='lat' dir='ltr'>andern</span> <span class='ocrx_word' id='word_1_233' title='bbox 568 3186 682 3241; x_wconf 86' lang='lat' dir='ltr'>Staaten</span> <span class='ocrx_word' id='word_1_234' title='bbox 737 3185 877 3239; x_wconf 86' lang='lat' dir='ltr'>mebriach</span> <span class='ocrx_word' id='word_1_235' title='bbox 897 3186 988 3239; x_wconf 87' lang='lat' dir='ltr'>seine&#39;r</span> <span class='ocrx_word' id='word_1_236' title='bbox 1007 3184 1127 3240; x_wconf 85' lang='lat' dir='ltr'>Mithille</span> <span class='ocrx_word' id='word_1_237' title='bbox 1145 3184 1317 3255; x_wconf 82' lang='lat' dir='ltr'>bedient,cf.</span> <span class='ocrx_word' id='word_1_238' title='bbox 1356 3240 1358 3245; x_wconf 65' lang='grc'>,</span> 
     </span>
     <span class='ocr_line' id='line_1_29' title="bbox 102 3271 871 3341; baseline 0.001 -16"><span class='ocrx_word' id='word_1_239' title='bbox 102 3272 178 3326; x_wconf 84' lang='lat' dir='ltr'>batte</span> <span class='ocrx_word' id='word_1_240' title='bbox 198 3271 227 3325; x_wconf 83' lang='grc'>0.</span> <span class='ocrx_word' id='word_1_241' title='bbox 251 3271 350 3325; x_wconf 84' lang='lat' dir='ltr'>Tribut</span> <span class='ocrx_word' id='word_1_242' title='bbox 373 3272 515 3339; x_wconf 82' lang='lat' dir='ltr'>auferlegt.</span> <span class='ocrx_word' id='word_1_243' title='bbox 536 3302 568 3312; x_wconf 95' lang='lat'>-</span> <span class='ocrx_word' id='word_1_244' title='bbox 591 3278 682 3341; x_wconf 83' lang='lat' dir='ltr'>atque,</span> <span class='ocrx_word' id='word_1_245' title='bbox 737 3273 783 3327; x_wconf 90' lang='lat' dir='ltr'>Vl.</span> <span class='ocrx_word' id='word_1_246' title='bbox 803 3276 827 3327; x_wconf 86' lang='lat'>6.</span> <span class='ocrx_word' id='word_1_247' title='bbox 846 3277 871 3326; x_wconf 91' lang='lat'>4.</span> 
     </span>
     <span class='ocr_line' id='line_1_30' title="bbox 103 3352 1316 3427; baseline -0.001 -13"><span class='ocrx_word' id='word_1_248' title='bbox 103 3359 253 3427; x_wconf 86' lang='lat' dir='ltr'>steigernd.</span> <span class='ocrx_word' id='word_1_249' title='bbox 264 3359 369 3426; x_wconf 74' lang='lat' dir='ltr'>-ipsi,</span> <span class='ocrx_word' id='word_1_250' title='bbox 389 3360 474 3413; x_wconf 86' lang='lat' dir='ltr'>durch</span> <span class='ocrx_word' id='word_1_251' title='bbox 491 3360 521 3414; x_wconf 82' lang='lat' dir='ltr'>C.</span> <span class='ocrx_word' id='word_1_252' title='bbox 534 3378 625 3415; x_wconf 78' lang='lat' dir='ltr'>waren</span> <span class='ocrx_word' id='word_1_253' title='bbox 639 3362 683 3415; x_wconf 88' lang='lat' dir='ltr'>die</span> <span class='ocrx_word' id='word_1_254' title='bbox 773 3364 798 3415; x_wconf 83' lang='lat'>5.</span> <span class='ocrx_word' id='word_1_255' title='bbox 818 3361 946 3426; x_wconf 79' lang='lat' dir='ltr'>omnium,</span> <span class='ocrx_word' id='word_1_256' title='bbox 966 3352 1195 3415; x_wconf 78' lang='lat' dir='ltr'>s&#39;cil.-Gallorum.</span> <span class='ocrx_word' id='word_1_257' title='bbox 1215 3360 1316 3413; x_wconf 83' lang='lat' dir='ltr'>-od-</span> 
     </span>
     <span class='ocr_line' id='line_1_31' title="bbox 102 3434 1316 3517; baseline -0.001 -15"><span class='ocrx_word' id='word_1_258' title='bbox 102 3446 228 3502; x_wconf 82' lang='lat' dir='ltr'>Moriner</span> <span class='ocrx_word' id='word_1_259' title='bbox 252 3448 304 3501; x_wconf 89' lang='lat' dir='ltr'>den</span> <span class='ocrx_word' id='word_1_260' title='bbox 323 3449 477 3502; x_wconf 83' lang='lat' dir='ltr'>Atrebaten</span> <span class='ocrx_word' id='word_1_261' title='bbox 499 3448 684 3517; x_wconf 86' lang='lat' dir='ltr'>zinspflichtig</span> <span class='ocrx_word' id='word_1_262' title='bbox 737 3434 856 3516; x_wconf 77' lang='lat' dir='ltr'>spectum</span> <span class='ocrx_word' id='word_1_263' title='bbox 874 3448 960 3515; x_wconf 84' lang='lat' dir='ltr'>modo,</span> <span class='ocrx_word' id='word_1_264' title='bbox 981 3448 1016 3506; x_wconf 87' lang='lat' dir='ltr'>cf.</span> <span class='ocrx_word' id='word_1_265' title='bbox 1036 3466 1059 3506; x_wconf 80' lang='lat' dir='ltr'>c,</span> <span class='ocrx_word' id='word_1_266' title='bbox 1079 3450 1121 3503; x_wconf 88' lang='lat'>66.</span> <span class='ocrx_word' id='word_1_267' title='bbox 1141 3450 1165 3502; x_wconf 88' lang='grc'>6.</span> <span class='ocrx_word' id='word_1_268' title='bbox 1185 3476 1218 3485; x_wconf 94' lang='grc'>-</span> <span class='ocrx_word' id='word_1_269' title='bbox 1233 3463 1316 3515; x_wconf 78' lang='lat' dir='ltr'>proc·</span> 
     </span>
     <span class='ocr_line' id='line_1_32' title="bbox 101 3535 1316 3605; baseline -0.002 -14"><span class='ocrx_word' id='word_1_270' title='bbox 101 3535 256 3604; x_wconf 86' lang='lat' dir='ltr'>gewordeu.</span> <span class='ocrx_word' id='word_1_271' title='bbox 736 3535 1316 3605; x_wconf 79' lang='lat' dir='ltr'>sertimaacr&#39;pita&#39;proela‘c,wenndieRdmer</span> 
     </span>
     <span class='ocr_line' id='line_1_33' title="bbox 137 3612 1316 3689; baseline -0.002 -11"><span class='ocrx_word' id='word_1_272' title='bbox 137 3629 164 3678; x_wconf 84' lang='lat'>2.</span> <span class='ocrx_word' id='word_1_273' title='bbox 183 3624 327 3677; x_wconf 73' lang='lat' dir='ltr'>universae</span> <span class='ocrx_word' id='word_1_274' title='bbox 356 3622 480 3689; x_wconf 81' lang='lat' dir='ltr'>Galliac,</span> <span class='ocrx_word' id='word_1_275' title='bbox 509 3625 569 3679; x_wconf 89' lang='lat' dir='ltr'>eine</span> <span class='ocrx_word' id='word_1_276' title='bbox 597 3612 683 3679; x_wconf 80' lang='lat' dir='ltr'>Hber-</span> <span class='ocrx_word' id='word_1_277' title='bbox 730 3626 798 3679; x_wconf 84' lang='lat' dir='ltr'>-sich</span> <span class='ocrx_word' id='word_1_278' title='bbox 816 3640 867 3679; x_wconf 89' lang='lat' dir='ltr'>von</span> <span class='ocrx_word' id='word_1_279' title='bbox 886 3626 952 3679; x_wconf 81' lang='lat' dir='ltr'>arrei</span> <span class='ocrx_word' id='word_1_280' title='bbox 971 3624 1064 3678; x_wconf 85' lang='lat' dir='ltr'>Seiten</span> <span class='ocrx_word' id='word_1_281' title='bbox 1087 3622 1205 3677; x_wconf 89' lang='lat' dir='ltr'>bedrobt</span> <span class='ocrx_word' id='word_1_282' title='bbox 1230 3623 1316 3676; x_wconf 82' lang='lat' dir='ltr'>sehon</span> 
     </span>
     <span class='ocr_line' id='line_1_34' title="bbox 102 3710 1317 3780; baseline 0 -16"><span class='ocrx_word' id='word_1_283' title='bbox 102 3712 247 3779; x_wconf 85' lang='lat' dir='ltr'>trcibung;</span> <span class='ocrx_word' id='word_1_284' title='bbox 273 3712 343 3765; x_wconf 87' lang='lat' dir='ltr'>deun</span> <span class='ocrx_word' id='word_1_285' title='bbox 362 3726 392 3766; x_wconf 88' lang='lat' dir='ltr'>es</span> <span class='ocrx_word' id='word_1_286' title='bbox 409 3711 516 3767; x_wconf 83' lang='lat' dir='ltr'>fehlteu</span> <span class='ocrx_word' id='word_1_287' title='bbox 534 3712 589 3767; x_wconf 86' lang='lat' dir='ltr'>alle</span> <span class='ocrx_word' id='word_1_288' title='bbox 607 3713 683 3778; x_wconf 86' lang='lat' dir='ltr'>aqui·</span> <span class='ocrx_word' id='word_1_289' title='bbox 737 3711 846 3767; x_wconf 78' lang='lat' dir='ltr'>worden</span> <span class='ocrx_word' id='word_1_290' title='bbox 860 3711 915 3766; x_wconf 91' lang='lat' dir='ltr'>und</span> <span class='ocrx_word' id='word_1_291' title='bbox 929 3728 959 3767; x_wconf 88' lang='lat' dir='ltr'>so</span> <span class='ocrx_word' id='word_1_292' title='bbox 972 3728 1059 3780; x_wconf 82' lang='lat' dir='ltr'>gagen</span> <span class='ocrx_word' id='word_1_293' title='bbox 1072 3712 1149 3766; x_wconf 86' lang='lat' dir='ltr'>einen</span> <span class='ocrx_word' id='word_1_294' title='bbox 1167 3710 1317 3778; x_wconf 89' lang='lat' dir='ltr'>doppeltcn</span> 
     </span>
     <span class='ocr_line' id='line_1_35' title="bbox 100 3797 1316 3869; baseline -0.002 -16"><span class='ocrx_word' id='word_1_295' title='bbox 100 3798 574 3867; x_wconf 79' lang='lat' dir='ltr'>tanischenVolkerschatten,auch</span> <span class='ocrx_word' id='word_1_296' title='bbox 593 3800 683 3869; x_wconf 86' lang='lat' dir='ltr'>einigs</span> <span class='ocrx_word' id='word_1_297' title='bbox 736 3801 823 3855; x_wconf 88' lang='lat' dir='ltr'>Feind</span> <span class='ocrx_word' id='word_1_298' title='bbox 853 3800 981 3868; x_wconf 80' lang='lat' dir='ltr'>kampien</span> <span class='ocrx_word' id='word_1_299' title='bbox 1018 3799 1142 3853; x_wconf 84' lang='lat' dir='ltr'>mllisten.</span> <span class='ocrx_word' id='word_1_300' title='bbox 1176 3827 1208 3836; x_wconf 93' lang='lat'>-</span> <span class='ocrx_word' id='word_1_301' title='bbox 1237 3797 1316 3864; x_wconf 76' lang='lat' dir='ltr'>foria,</span> 
     </span>
     <span class='ocr_line' id='line_1_36' title="bbox 101 3886 1121 3958; baseline 0.001 -18"><span class='ocrx_word' id='word_1_302' title='bbox 101 3886 681 3955; x_wconf 75' lang='lat' dir='ltr'>darkeltiscbenundbelgiscbcnStamme.</span> <span class='ocrx_word' id='word_1_303' title='bbox 733 3888 897 3958; x_wconf 83' lang='lat' dir='ltr'>Asyndeton</span> <span class='ocrx_word' id='word_1_304' title='bbox 914 3888 1121 3942; x_wconf 84' lang='lat' dir='ltr'>adversativum.</span> 
     </span>
     <span class='ocr_line' id='line_1_37' title="bbox 20 3956 1314 4044; baseline 0 -15"><span class='ocrx_word' id='word_1_305' title='bbox 20 3986 26 3994; x_wconf 88' lang='grc'><strong>’</strong></span> <span class='ocrx_word' id='word_1_306' title='bbox 101 4005 135 4015; x_wconf 93' lang='grc'>-</span> <span class='ocrx_word' id='word_1_307' title='bbox 155 3990 310 4043; x_wconf 81' lang='lat' dir='ltr'>omnesque,</span> <span class='ocrx_word' id='word_1_308' title='bbox 333 3992 368 4028; x_wconf 85' lang='lat' dir='ltr'>zu</span> <span class='ocrx_word' id='word_1_309' title='bbox 394 3991 447 4043; x_wconf 91' lang='lat' dir='ltr'>que</span> <span class='ocrx_word' id='word_1_310' title='bbox 466 3974 501 4031; x_wconf 83' lang='lat' dir='ltr'>ct.</span> <span class='ocrx_word' id='word_1_311' title='bbox 520 3992 542 4031; x_wconf 95' lang='lat' dir='ltr'>c.</span> <span class='ocrx_word' id='word_1_312' title='bbox 562 3980 587 4033; x_wconf 89' lang='lat'>4.</span> <span class='ocrx_word' id='word_1_313' title='bbox 607 3981 681 4031; x_wconf 81' lang='grc'>3.-</span> <span class='ocrx_word' id='word_1_314' title='bbox 738 3956 818 4033; x_wconf 60' lang='grc'>177.</span> <span class='ocrx_word' id='word_1_315' title='bbox 849 3974 1314 4044; x_wconf 70' lang='lat' dir='ltr'>1.proctcritodc&#39;c,qua...eec·</span> 
     </span>
     <span class='ocr_line' id='line_1_38' title="bbox 100 4062 1316 4132; baseline -0.002 -15"><span class='ocrx_word' id='word_1_316' title='bbox 100 4069 125 4117; x_wconf 83' lang='lat' dir='ltr'>et</span> <span class='ocrx_word' id='word_1_317' title='bbox 134 4064 228 4117; x_wconf 81' lang='lat' dir='ltr'>animo</span> <span class='ocrx_word' id='word_1_318' title='bbox 240 4069 266 4116; x_wconf 86' lang='lat' dir='ltr'>et</span> <span class='ocrx_word' id='word_1_319' title='bbox 275 4062 374 4130; x_wconf 79' lang='lat' dir='ltr'>opibus</span> <span class='ocrx_word' id='word_1_320' title='bbox 384 4065 450 4132; x_wconf 85' lang='lat' dir='ltr'>,mit</span> <span class='ocrx_word' id='word_1_321' title='bbox 459 4064 514 4117; x_wconf 86' lang='lat' dir='ltr'>Gut</span> <span class='ocrx_word' id='word_1_322' title='bbox 526 4064 581 4118; x_wconf 92' lang='lat' dir='ltr'>und</span> <span class='ocrx_word' id='word_1_323' title='bbox 593 4064 682 4119; x_wconf 62' lang='lat' dir='ltr'>Brute</span> <span class='ocrx_word' id='word_1_324' title='bbox 735 4064 1009 4132; x_wconf 77' lang='lat' dir='ltr'>spectaverant,nach</span> <span class='ocrx_word' id='word_1_325' title='bbox 1020 4063 1190 4119; x_wconf 82' lang='lat' dir='ltr'>Verlaufron</span> <span class='ocrx_word' id='word_1_326' title='bbox 1201 4062 1316 4131; x_wconf 82' lang='lat' dir='ltr'>dreilaig</span> 
     </span>
     <span class='ocr_line' id='line_1_39' title="bbox 137 4151 1312 4221; baseline -0.002 -14"><span class='ocrx_word' id='word_1_327' title='bbox 137 4157 162 4207; x_wconf 81' lang='lat'>3.</span> <span class='ocrx_word' id='word_1_328' title='bbox 183 4151 290 4205; x_wconf 71' lang='grc' dir='ltr'>θοασιίε</span> <span class='ocrx_word' id='word_1_329' title='bbox 313 4192 319 4203; x_wconf 91' lang='grc'>.</span> <span class='ocrx_word' id='word_1_330' title='bbox 340 4192 347 4205; x_wconf 94' lang='grc'><strong>.</strong></span> <span class='ocrx_word' id='word_1_331' title='bbox 367 4193 374 4205; x_wconf 95' lang='grc'><strong>.</strong></span> <span class='ocrx_word' id='word_1_332' title='bbox 392 4152 501 4205; x_wconf 75' lang='lat' dir='ltr'>milibus</span> <span class='ocrx_word' id='word_1_333' title='bbox 524 4193 531 4206; x_wconf 92' lang='lat'>.</span> <span class='ocrx_word' id='word_1_334' title='bbox 551 4194 558 4206; x_wconf 98' lang='lat'>.</span> <span class='ocrx_word' id='word_1_335' title='bbox 578 4194 584 4206; x_wconf 91' lang='lat'>.</span> <span class='ocrx_word' id='word_1_336' title='bbox 608 4152 682 4218; x_wconf 82' lang='lat' dir='ltr'>baec,</span> <span class='ocrx_word' id='word_1_337' title='bbox 737 4153 832 4221; x_wconf 81' lang='lat' dir='ltr'>Tagen</span> <span class='ocrx_word' id='word_1_338' title='bbox 841 4153 952 4209; x_wconf 81' lang='lat' dir='ltr'>wollten</span> <span class='ocrx_word' id='word_1_339' title='bbox 972 4153 1015 4206; x_wconf 87' lang='lat' dir='ltr'>die</span> <span class='ocrx_word' id='word_1_340' title='bbox 1034 4151 1237 4219; x_wconf 83' lang='lat' dir='ltr'>Hdlfatruppen</span> <span class='ocrx_word' id='word_1_341' title='bbox 1256 4152 1312 4205; x_wconf 86' lang='lat' dir='ltr'>ain·</span> 
     </span>
     <span class='ocr_line' id='line_1_40' title="bbox 100 4238 1314 4307; baseline -0.002 -12"><span class='ocrx_word' id='word_1_342' title='bbox 100 4240 135 4296; x_wconf 88' lang='lat' dir='ltr'>cl.</span> <span class='ocrx_word' id='word_1_343' title='bbox 154 4257 178 4294; x_wconf 90' lang='lat' dir='ltr'>c.</span> <span class='ocrx_word' id='word_1_344' title='bbox 196 4244 221 4297; x_wconf 89' lang='grc'>4,</span> <span class='ocrx_word' id='word_1_345' title='bbox 244 4243 257 4291; x_wconf 90' lang='lat' dir='ltr'>l</span> <span class='ocrx_word' id='word_1_346' title='bbox 276 4255 301 4293; x_wconf 92' lang='lat' dir='ltr'>c.</span> <span class='ocrx_word' id='word_1_347' title='bbox 319 4241 361 4293; x_wconf 82' lang='lat'>29.</span> <span class='ocrx_word' id='word_1_348' title='bbox 383 4245 396 4292; x_wconf 90' lang='lat'>1</span> <span class='ocrx_word' id='word_1_349' title='bbox 417 4256 439 4296; x_wconf 88' lang='lat' dir='ltr'>c.</span> <span class='ocrx_word' id='word_1_350' title='bbox 459 4243 502 4294; x_wconf 88' lang='grc'>60.</span> <span class='ocrx_word' id='word_1_351' title='bbox 523 4245 546 4292; x_wconf 91' lang='grc'>1.</span> <span class='ocrx_word' id='word_1_352' title='bbox 737 4240 846 4307; x_wconf 86' lang='lat' dir='ltr'>treffcn,</span> <span class='ocrx_word' id='word_1_353' title='bbox 865 4239 899 4295; x_wconf 86' lang='lat' dir='ltr'>cf.</span> <span class='ocrx_word' id='word_1_354' title='bbox 918 4258 941 4298; x_wconf 91' lang='lat' dir='ltr'>c.</span> <span class='ocrx_word' id='word_1_355' title='bbox 960 4245 1003 4298; x_wconf 90' lang='grc'>71.</span> <span class='ocrx_word' id='word_1_356' title='bbox 1022 4244 1047 4295; x_wconf 90' lang='grc'>4.</span> <span class='ocrx_word' id='word_1_357' title='bbox 1072 4270 1106 4280; x_wconf 95' lang='grc'>-</span> <span class='ocrx_word' id='word_1_358' title='bbox 1130 4243 1161 4293; x_wconf 84' lang='lat' dir='ltr'>irc</span> <span class='ocrx_word' id='word_1_359' title='bbox 1179 4238 1314 4306; x_wconf 78' lang='lat' dir='ltr'>Haeduis,</span> 
     </span>
     <span class='ocr_line' id='line_1_41' title="bbox 136 4326 920 4394; baseline 0.003 -13"><span class='ocrx_word' id='word_1_360' title='bbox 136 4332 162 4382; x_wconf 86' lang='lat'>4.</span> <span class='ocrx_word' id='word_1_361' title='bbox 184 4326 301 4381; x_wconf 74' lang='lat' dir='ltr'>commo</span> <span class='ocrx_word' id='word_1_362' title='bbox 323 4328 463 4394; x_wconf 80' lang='lat' dir='ltr'>Atrebdti,</span> <span class='ocrx_word' id='word_1_363' title='bbox 493 4328 588 4383; x_wconf 87' lang='lat' dir='ltr'>diesen</span> <span class='ocrx_word' id='word_1_364' title='bbox 607 4328 682 4383; x_wconf 81' lang='lat' dir='ltr'>batte</span> <span class='ocrx_word' id='word_1_365' title='bbox 737 4326 771 4385; x_wconf 85' lang='lat' dir='ltr'>ci.</span> <span class='ocrx_word' id='word_1_366' title='bbox 791 4344 814 4383; x_wconf 89' lang='lat' dir='ltr'>c.</span> <span class='ocrx_word' id='word_1_367' title='bbox 833 4331 876 4383; x_wconf 90' lang='grc'>76.</span> <span class='ocrx_word' id='word_1_368' title='bbox 896 4332 920 4383; x_wconf 89' lang='grc'>3.</span> 
     </span>
    </p>
   </div>
   <div class='ocr_carea' id='block_1_7' title="bbox 0 0 1472 4750">
    <p class='ocr_par' dir='ltr' id='par_1_7' title="bbox 0 0 1472 4750">
     <span class='ocr_line' id='line_1_42' title="bbox 0 0 1472 4750; baseline 0 2"><span class='ocrx_word' id='word_1_369' title='bbox 0 0 1472 4750; x_wconf 95' lang='lat' dir='ltr'> </span> 
     </span>
    </p>
   </div>
  </div>
 </body>
</html>
