2934 4750
574 261 634 318 Lib.
653 263 688 316 II.
727 267 804 323 1-3.
1255 257 1299 318 73

98 404 127 464 et
148 399 273 467 levitate
295 402 391 467 animi
412 404 501 468 novis
524 404 663 486 Imperiis
686 404 871 485 studebaut3
894 407 935 471 ab
957 406 1115 473 nonnullis
1136 410 1279 490 etiamr

98 506 176 584 quod
202 507 235 572 in
258 506 362 573 Gallie
392 527 412 573 a
434 509 664 590 potentioribus
688 516 784 592 atque
805 510 854 590 iis,
885 511 939 592 qui
961 511 1002 576 ad
1025 513 1243 581 conducendos

96 609 232 677 homiues
258 611 426 678 facultates
454 613 622 696 habebant,
657 614 754 698 vulgo
783 634 882 698 regnu
910 618 1155 698 occupabantur,
1191 620 1245 701 qui

96 717 193 781 miuus
216 716 308 783 focile
333 736 403 784 earn
426 737 492 784 rem
515 721 645 801 imperio
668 730 777 786 nostro
799 721 948 802 consequi
970 728 1129 803 poterant.

179 827 207 888 2.
244 822 303 887 His
325 823 444 889 nuntiis
467 823 644 906 litterisque
668 834 841 902 commotus
865 824 982 892 (laesor
1004 827 1083 892 duas
1105 828 1244 910 legiones
1265 851 1278 901 1

93 927 122 990 iu
152 928 297 994 citeriore
319 927 425 994 Gallie
454 948 552 996 novas
580 932 767 1013 conscrIpsit
794 937 827 996 et
855 932 934 997 inita
963 938 1085 998 aestate
1108 933 1141 997 in
1163 935 1245 998 inte·

24 1019 25 1084 l
94 1033 205 1098 uorem
229 1033 365 1099 Galliam
388 1035 442 1116 qui
465 1013 642 1116 deduceret,
666 1036 818 1115 Quintum
834 1036 967 1102 Pedium
989 1038 1126 1118 legatum
1149 1039 1243 1105 misit.

24 1227 25 1230 Ἴ
93 1137 169 1220 lpse,
199 1157 271 1204 curu
298 1141 435 1221 primum
461 1140 571 1222 pabuli
603 1142 693 1222 copia
720 1160 792 1207 esse
812 1142 977 1224 inciperet,
1010 1143 1052 1207 ad
1074 1145 1284 1218 exercitum2

24 1233 25 1268 ³
92 1245 183 1310 venit.
228 1245 294 1311 Dat
315 1247 476 1330 negotium
499 1245 673 1313 Senonibus
697 1247 890 1329 reliquisque
912 1247 1022 1328 Gallis,
1046 1251 1101 1330 qui
1123 1246 1284 1324 finitimis

92 1349 196 1432 Belgis
220 1357 321 1432 eraut,
344 1351 392 1417 uti
414 1371 461 1433 ea,
485 1370 568 1435 quae
586 1353 672 1434 apud
688 1371 742 1418 eos
757 1361 919 1436 gerantur,
944 1362 1134 1436 cognoscant
1149 1373 1245 1437 seque

92 1455 128 1520 de
154 1455 205 1521 his
235 1457 329 1523 rebus
360 1458 525 1523 certiorem
546 1455 673 1525 fociant.
719 1457 762 1522 Hi
785 1463 967 1524 constanter
990 1461 1286 1543 omnes‚nuntia·4

24 1569 25 1572 ’
91 1567 213 1642 verunt,
243 1579 354 1627 manus
378 1564 457 1645 cogi,
482 1564 654 1629 exercitum
675 1564 708 1627 in
730 1582 829 1628 unum
850 1562 954 1629 locum
978 1567 1119 1632 conduci.
1165 1566 1284 1639 Tumr,

91 1685 163 1734 vero
193 1667 400 1733 dubitandum
430 1687 493 1734 non
516 1669 713 1748 existimavit,
741 1670 816 1750 quin
839 1669 882 1733 ad
905 1688 959 1736 eos
981 1670 1243 1752 proficisceretur.

91 1771 133 1836 Be
155 1770 364 1840 frumentaria
387 1779 568 1856 comparata
584 1780 691 1840 costra
705 1783 811 1840 movet
826 1774 1000 1856 diebusque
1016 1776 1141 1841 circiter
1155 1778 1246 1858 quin·
1263 1798 1285 1850 c

90 1879 191 1944 decim
215 1877 356 1944 adfines
379 1879 548 1962 Belgarum
570 1881 723 1962 pervenit.

177 1989 208 2050 3.
233 1983 280 2050 Eo
297 2002 368 2051 oum
385 1985 424 2050 de
440 1987 612 2069 improviso
628 1985 824 2066 celeriusque
839 1987 923 2052 omni
939 1987 1083 2067 opinione
1099 1988 1244 2068 venisset,
1265 2008 1279 2059 1

24 2085 25 2090 ’
89 2089 187 2169 Remi,
219 2090 274 2171 qui
296 2091 430 2173 proximi
454 2090 576 2157 Galliae
600 2110 637 2156 ex
659 2090 766 2172 Belgis
789 2097 870 2171 sunt,
895 2091 936 2154 ad
958 2109 1029 2156 eum
1052 2091 1174 2174 legatos
1196 2093 1245 2158 Io·

91 2194 171 2258 oium
196 2203 229 2260 et
252 2195 549 2278 Andooumborium,
579 2198 696 2279 primos
720 2197 868 2277 ciuitatis
892 2197 1055 2277 miserunt,
1086 2198 1139 2279 qui
1162 2198 1285 2270 dice-n

88 2307 159 2364 rent
194 2317 229 2364 se
262 2317 382 2383 suoque
412 2302 516 2367 omnia
545 2304 578 2367 in
612 2300 705 2368 fidem
736 2311 832 2385 atque
859 2303 892 2367 iu
921 2306 1110 2385 potestatem
1139 2304 1247 2386 populi

124 2497 149 2549 4.
175 2498 259 2561 atque
275 2494 312 2547 lis
338 2495 411 2564 ,und
429 2496 529 2549 zuer“.
557 2494 669 2551 Schultz
757 2494 1278 2564 4.ooutanter„ubcre1nsummend“.

90 2583 149 2637 238.
172 2586 195 2640 1.
214 2580 333 2651 Seyffert
351 2587 412 2638 221.
430 2586 509 2638 Anm.
524 2586 549 2637 2.
569 2612 601 2622 -
620 2584 668 2637 toe-
757 2585 782 2637 5.
804 2583 872 2636 Tum
887 2598 950 2637 uero
963 2583 1016 2652 „da
1028 2584 1178 2639 vollends“.
1197 2613 1231 2624 -
1249 2584 1304 2637 due
1325 2613 1328 2620 ι

85 2670 167 2736 perio
185 2675 286 2729 uestro.
311 2656 387 2726 Uber
399 2671 452 2726 den
465 2671 525 2726 Abl.
539 2672 669 2740 temporis
722 2670 865 2725 muudum
877 2688 934 2726 uere
945 2672 1111 2727 existiorooit
1123 2673 1199 2740 quie.
1221 2673 1246 2727 N
1247 2673 1303 2727 acb

90 2756 124 2814 cl.
143 2758 167 2812 I.
188 2760 229 2811 13.
248 2760 272 2813 9.
721 2759 784 2815 dem
800 2761 944 2829 negierten
962 2759 1130 2814 Geruudiurn
1154 2776 1206 2813 von
1225 2760 1304 2815 dubi-

79 2860 82 2866 *
123 2846 154 2901 2.
175 2851 198 2900 1.
217 2846 289 2900 dues
306 2846 432 2916 leptoues,
458 2846 501 2901 dle
520 2845 595 2904 XIII.
614 2845 668 2900 und
720 2854 780 2903 ture
810 2848 838 2901 iu
869 2847 916 2902 der
934 2847 1111 2915 ·Bedeutung
1136 2846 1304 2916 „Bedenlren

90 2934 164 2989 XIV.
182 2934 295 3001 Legion.
320 2964 354 2974 -
376 2934 449 2989 tulta
466 2940 579 3001 aestate,
598 2935 669 2991 nach
720 2934 833 3003 tragen“
858 2942 930 2989 setzt
948 2934 978 2989 0.
996 2936 1072 3003 quln,
1101 2934 1134 2989 cf.
1153 2935 1201 2989 111.
1220 2938 1264 2993 23.
1282 2940 1299 2991 7

91 3022 203 3090 Anfang
228 3022 275 3077 des
299 3022 433 3078 Summers
457 3040 481 3077 a.
504 3026 538 3077 57
562 3040 586 3076 v.
605 3023 667 3077 Chr.
722 3039 777 3077 non
807 3021 990 3078 cunctandum
1018 3022 1200 3090 existimavit,
1224 3025 1304 3092 quin,

92 3108 668 3177 -111111114013131111111,3111111911·
722 3111 823 3165 ebenso
842 3111 867 3165 b.
886 3126 909 3165 c.
926 3110 977 3167 Ill.
996 3113 1038 3164 37.
1058 3114 1083 3164 2.

91 3198 145 3253 lich
156 3199 185 3251 in
196 3197 244 3252 das
254 3198 352 3253 Gebiet
363 3198 411 3253 der
419 3198 566 3269 Sequano,
576 3214 617 3252 wo
625 3198 669 3253 die
699 3193 716 3237 s
756 3198 786 3253 3.
815 3204 839 3251 1.
853 3198 967 3251 celerior
978 3198 1052 3251 omui
1063 3197 1199 3265 opinione,
1217 3200 1304 3254 nech-

92 3286 669 3355 TruppenOtsursInuWinterlageruuren.
722 3285 913 3341 drucksvoller
945 3285 988 3340 als
1018 3287 1136 3340 omnium
1165 3288 1300 3355 opinione,

91 3404 123 3413 -
145 3372 274 3443 Quietum
293 3374 417 3443 Pedleuu,
440 3376 485 3431 ein
504 3375 666 3430 Schuester·
722 3374 840 3428 welches
858 3375 908 3428 wir
927 3382 1006 3429 sonst
1020 3373 1205 3429 inthnliohen
1218 3376 1305 3429 Wen·

92 3464 161 3518 sobn
180 3462 290 3521 Otsors.
723 3462 832 3530 dungen
854 3462 899 3517 bei
917 3462 946 3517 0.
964 3461 1065 3517 finden.
1096 3462 1130 3517 cl.
1149 3463 1257 3520 VI.30.
1277 3468 1301 3517 1.

126 3556 151 3606 2.
177 3566 236 3605 curo
255 3551 402 3620 petreum.
421 3593 427 3607 .
448 3552 591 3619 deciperet,
621 3552 670 3606 der
722 3550 783 3605 VII.
801 3553 844 3605 56.
863 3552 887 3605 3.
911 3580 945 3590 -
974 3549 1062 3617 Remi,
1085 3552 1129 3605 eiu
1150 3551 1302 3618 machtiges

92 3641 189 3711 Konj.,
217 3640 266 3695 der
290 3641 349 3695 sich
373 3640 442 3695 noch
471 3656 532 3695 cunr
550 3640 669 3708 prImum
722 3638 877 3708 belgisches
895 3638 969 3693 Volk
987 3639 1120 3693 zuischen
1140 3638 1188 3692 der
1203 3640 1305 3693 Meroe

94 3728 175 3783 ollein
201 3744 238 3783 an
266 3728 355 3783 dieser
380 3727 466 3783 Stelle
492 3728 589 3797 findet,
617 3745 669 3783 nur
722 3726 1300 3793 moderamno-Gauius,sciluemkel-

94 3816 214 3884 desbalb,
232 3817 292 3870 weil
310 3818 338 3869 in
362 3815 410 3871 der
427 3816 670 3885 Zeitbestimmung
723 3815 830 3869 tiacben
843 3814 951 3870 Gallien
969 3815 1024 3869 und
1035 3830 1107 3869 zuar
1119 3815 1148 3868 iu
1161 3814 1210 3868 der
1220 3814 1306 3868 Rich·
1402 3821 1404 3826 '

94 3904 138 3958 fiir
166 3904 195 3959 C.
223 3904 348 3973 zugleich
376 3904 425 3959 der
453 3904 548 3959 Grund
578 3906 669 3959 selues
722 3908 789 3971 tung
817 3903 865 3957 des
897 3902 1042 3957 Merscbes
1066 3901 1174 3955 Gesars.
1204 3930 1238 3940 -
1268 3918 1307 3956 ee·

93 3992 239 4046 Kommens
258 3992 332 4059 liegt.
713 3990 817 4060 'Belgis
836 4012 867 4035 =
887 3992 959 4045 inter
977 3991 1084 4058 Belgas.

129 4082 153 4137 3.
172 4078 296 4146 &eduen
311 4080 355 4135 clu
368 4080 669 4135 keltischesVolkzwi·
759 4084 783 4133 2.
810 4077 977 4147 permittere,
1005 4078 1053 4131 mit
1080 4076 1306 4143 ausgelossonenu

95 4169 176 4223 sehon
194 4169 276 4223 Loire
295 4168 349 4222 und
368 4169 448 4223 Seine
466 4168 614 4225 wobnhaft.
636 4168 669 4223 cl.
724 4167 956 4236 Subjelrtaoecus,
979 4165 1039 4220 weil
1063 4163 1153 4219 dieser
1177 4166 1301 4234 zugleiob

95 4256 126 4309 V.
150 4260 192 4316 ot.
217 4260 234 4311 2
261 4259 355 4311 civitas
380 4258 513 4325 imprimis
537 4256 615 4312 firma
642 4264 671 4310 et
724 4255 826 4325 Objekt
844 4256 887 4310 ist.
905 4254 940 4310 cf.
958 4255 993 4309 II.
1013 4258 1055 4307 31.
1075 4256 1099 4307 3.
1118 4253 1151 4307 V.
1170 4258 1213 4310 20.
1232 4260 1256 4307 2.
1267 4282 1307 4293 -·

96 4360 209 4415 megnae
226 4346 298 4399 inter
317 4345 411 4401 Gellou
430 4347 614 4401 auctoritatis.
722 4344 754 4397 iu
770 4343 850 4409 fidem
867 4349 950 4411 atque
966 4343 997 4395 ia
1020 4346 1180 4409 potestatem
1196 4357 1223 4395 ae
1237 4357 1304 4407 per·
