2934 4750
558 163 660 218 Comm.
681 164 740 218 VlI.
761 169 840 220 1-3.·
1067 195 1069 200 ·
1284 159 1303 221 7

82 304 234 368 omnibus
257 302 376 368 bellum
400 302 540 371 facturos
562 304 753 387 pollicentur
776 312 817 386 et,
846 307 993 388 quoniam
1021 308 1052 372 in
1070 310 1285 390 praesentiae

82 409 251 473 obsidibus
282 427 395 474 cavere
425 409 510 475 inter
543 427 577 475 se
607 428 670 505 non
702 412 834 492 possint,
869 427 909 476 ne
941 430 992 476 res
1023 411 1180 495 efferatur,
1214 422 1252 480 ut

52 551 57 562 ·
82 513 294 580 iureiurando
317 532 355 579 ac
376 508 438 579 fide
461 516 633 596 sanciatur,
656 520 778 597 petunt,
796 516 918 582 collatis
935 517 1124 604 militaribus
1140 521 1248 601 signis,

82 636 151 700 quo
186 636 274 684 more
306 637 415 684 eorum
443 621 631 702 gravissima
658 623 851 696 caerimonia
885 623 1074 704 continetur,
1098 643 1138 690 ne
1166 623 1250 691 facto
1304 618 1308 624 ’
1339 661 1341 666 ·

83 725 179 790 initio
203 724 278 789 belli
300 720 341 791 ab
356 726 487 806 reliquia
508 726 704 794 deserantur.
751 727 830 792 Tum
852 717 1040 794 collaudatis
1058 728 1284 817 Carnutibusa

84 829 164 895 dato
192 829 396 895 iureiurando
424 830 465 894 ab
494 831 647 910 omnibus,
677 832 730 912 qui
764 832 907 913 aderant,
936 838 1080 915 tempore
1109 835 1176 900 eius
1203 836 1250 900 rei

85 936 265 1000 constituto
288 936 329 1000 ab
352 935 483 1001 concilio
506 936 689 1001 disceditur.
1009 1003 1011 1006 .

196 1046 226 1107 3.
273 1039 336 1105 Ubi
359 1059 398 1105 ea
422 1040 490 1106 dies
513 1043 611 1122 venit,
634 1041 792 1107 Carnutes
816 1041 974 1109 Gutruato
1007 1051 1040 1109 et
1071 1044 1286 1111 Conconne-1·

17 1207 24 1215 .
86 1145 242 1211 todumnc
265 1146 407 1226 ducibus,
438 1146 613 1228 desperatis
644 1147 832 1228 hominibus,
862 1145 1023 1213 Cenabum
1053 1151 1143 1231 signo
1174 1150 1267 1232 dato

85 1259 282 1327 concurrunt
299 1241 458 1333 'civesque
487 1253 655 1331 Romanor,
682 1254 738 1334 qui
770 1255 953 1335 negotiandi
981 1273 1077 1321 causa
1108 1256 1150 1320 ibi
1179 1275 1250 1322 con·

85 1357 248 1437 stiterant,
272 1357 304 1420 in
327 1357 376 1422 his
400 1357 432 1422 C.
445 1358 568 1423 Fufium
584 1356 698 1438 Citam,
723 1358 890 1424 honestum
907 1361 1046 1441 equitem
1062 1361 1250 1441 Romanum,

85 1463 142 1542 qui
159 1463 206 1526 rei
217 1461 445 1528 frumentariae
457 1465 546 1528 iussu
562 1461 708 1529 Caesaris
723 1471 879 1546 praeerat,
896 1464 1090 1531 interficiunt
1105 1467 1251 1547 bonaque
1349 1448 1353 1458 ¹

64 1587 199 1641 ‚eorum
233 1568 395 1649 diripiunt.
434 1568 600 1638 ,Celeriter
627 1570 670 1634 ad
701 1588 810 1634 ornnes
837 1570 961 1636 Galliae
992 1572 1139 1637 civitates
1166 1570 1284 1636 saman

86 1673 257 1754 perfertur.
288 1671 384 1738 'Nam
407 1675 461 1739 ubi
487 1692 570 1755 quae
597 1675 698 1739 maior
728 1681 825 1756 atque
855 1675 1020 1741 inlustrior
1046 1677 1156 1741 incidit
1188 1695 1249 1755 res,
1291 1732 1295 1739 .

27 1832 32 1839 .
87 1780 226 1843 clamore
248 1797 305 1860 per
328 1797 423 1863 agros
446 1781 656 1861 regionesque
686 1781 882 1862 significant;
911 1781 993 1845 hunc
1021 1781 1075 1846 alii
1104 1781 1249 1863 deinceps
1288 1815 1293 1824 ,

87 1885 249 1968 excipiunt
260 1895 293 1950 et
304 1885 453 1966 proximis
468 1884 614 1963 tradunt;
631 1892 667 1949 ut
683 1892 750 1951 tum
766 1887 890 1952 accidit.
937 1886 1018 1952 Nam
1034 1904 1115 1968 quae
1127 1883 1248 1951 Cenabi
1267 1897 1283 1946 3

89 2111 183 2166 selben
197 2112 292 2166 hatten
306 2112 358 2167 den
370 2113 526 2179 Tasgetius,
547 2110 666 2166 welchen
720 2115 752 2166 ln
771 2113 824 2167 den
837 2113 990 2180 galliaoheu
1001 2113 1116 2168 Stadten
1135 2091 1231 2166 hatten
1243 2111 1302 2167 sich

89 2200 118 2253 C.
149 2198 192 2253 bei
219 2199 302 2254 ihnen
326 2200 368 2253 als
395 2200 485 2267 Konig
511 2199 668 2267 eingeidhrt
720 2201 789 2255 viele
813 2206 880 2255 rbm.
910 2201 1028 2268 Burger,
1058 2201 1101 2256 die
1130 2201 1210 2255 meist
1242 2200 1302 2253 dem

88 2287 174 2355 hatte,
193 2285 389 2354 getbtet(cf.V.
400 2289 442 2340 25.
456 2288 491 2353 3),
503 2286 598 2341 hatten
608 2288 666 2342 sich
721 2288 914 2342 Ritterstande
945 2289 1128 2357 angehdrten,
1160 2288 1301 2356 niaderge-

89 2376 153 2430 aber
179 2380 273 2443 opiter
298 2373 383 2428 Clean
409 2371 546 2442 ireiuillig
574 2383 667 2430 unter·
721 2377 823 2445 lassen,
842 2376 902 2431 teils
922 2394 968 2431 um
986 2375 1249 2445 Bankiergeschaite
1267 2375 1301 2429 z'u
1363 2407 1367 2417 ·

7 2530 10 2539 Ι
89 2464 198 2531 worlen,
217 2464 252 2519 cf.
273 2463 318 2516 Vl.
336 2465 362 2517 4.
380 2468 406 2518 2.
426 2491 459 2501 -
475 2463 668 2532 principeapne
721 2466 843 2533 treiben,
871 2466 957 2520 wobei
988 2466 1028 2520 sie
1057 2465 1143 2520 durch
1167 2464 1301 2519 Wuoher·

88 2570 121 2606 ex
138 2552 275 2617 omnihus,
304 2558 396 2606 zuerat
414 2560 466 2606 von
484 2551 565 2619 allen,
583 2551 617 2606 ci.
637 2552 668 2605 V.
721 2561 832 2621 gesetze
845 2554 920 2609 nicht
930 2554 1097 2608 hesohrdnlrt
1106 2553 1226 2618 wurden,
1239 2552 1302 2606 teilo
1342 2550 1347 2558 '
1385 2556 1388 2560 '

89 2645 130 2695 54.
150 2644 167 2693 4
185 2641 324 2708 principes
342 2638 408 2693 belli
425 2639 568 2694 inserendi.
637 2664 640 2671 >
722 2657 767 2694 um
775 2638 1302 2704 GetreidefurdasHeerauiznlrauien,

123 2732 148 2782 2.
177 2744 211 2789 ne
235 2742 278 2781 rea
307 2727 437 2793 efferatur
466 2728 554 2795 „ohne
579 2727 667 2794 dula“,
720 2728 785 2783 teils
809 2744 853 2781 um
879 2728 922 2781 die
941 2728 1019 2782 Zdlle
1042 2728 1096 2783 und
1116 2727 1248 2795 Abgaben
1267 2743 1302 2779 zu

89 2817 163 2885 gicht
175 2816 228 2870 den
238 2815 331 2869 Grund
344 2831 389 2881 nn,
407 2831 509 2869 warum
529 2816 571 2870 die
582 2816 667 2882 Burg·
721 2794 851 2884 pechte'n,
859 2815 1010 2883 ci.Cio.pro
1021 2816 1128 2870 Fontei.
1140 2819 1203 2868 5.11
1214 2814 1303 2868 Nemo

89 2905 181 2960 achaio
214 2905 301 2959 durch
328 2904 439 2959 Geiseln
470 2904 541 2972 jetat
569 2919 668 2971 ausge-
723 2904 864 2957 Gallorum
875 2902 935 2957 sine
947 2903 1006 2957 cire
1017 2902 1139 2957 Romano
1158 2904 1301 2969 quicquam

89 2980 232 3049 achlossen
244 3009 308 3048 war.
323 3021 356 3031 -
369 2991 551 3045 leudomado
564 3006 597 3045 ac
606 2991 668 3058 fide,
723 2991 823 3058 negotii
842 2991 926 3058 gerit:
946 3005 1071 3043 nummus
1090 2990 1118 3042 in
1133 2988 1224 3043 Gallia
1242 2988 1300 3043 nul·

89 3081 264 3150 Hendiadya,
292 3080 327 3135 ci.
354 3081 375 3135 l.
395 3085 419 3134 3.
440 3083 463 3133 7.
492 3111 526 3119 -
554 3094 606 3147 qno
634 3080 670 3132 ist
723 3078 766 3133 lus
786 3080 845 3132 sine
873 3078 971 3132 civium
991 3078 1175 3131 Romanorum
1203 3076 1302 3130 tabulis

88 3170 166 3225 nicht
184 3166 534 3236 mitmorezuverbinden,
553 3166 670 3221 sondern
723 3174 918 3222 commoretur.
959 3196 990 3205 -
1030 3165 1225 3231 constiterant,
1262 3165 1302 3219 sie

89 3254 164 3314 steht
193 3256 417 3311 substantivisoh.
446 3286 479 3295 —-
505 3256 670 3325 probissima
723 3254 820 3309 hatten
857 3254 915 3308 nich
946 3269 1008 3306 zum
1044 3251 1207 3307 hleibendan
1237 3251 1302 3305 Aui-

89 3344 255 3399 cuera'mom'a
269 3344 335 3411 ,der
353 3344 521 3398 iaierlichate
533 3342 668 3397 Branch“.
722 3342 831 3397 enthalt
850 3343 910 3398 doit
929 3339 1157 3409 niedergelansen,
1177 3340 1203 3395 d.
1222 3340 1248 3393 h.
1262 3340 1302 3393 sie

90 3463 123 3472 —
141 3448 175 3485 ne
194 3475 200 3487 .
222 3473 228 3486 .
248 3475 254 3487 .
274 3432 446 3497 deserantur,
464 3432 603 3499 abhtngig
616 3446 668 3485 von
718 3446 814 3506 *waren
834 3430 896 3485 dort
914 3429 1050 3496 anstasig,
1069 3427 1104 3482 ci.
1124 3428 1184 3482 Vll.
1204 3431 1246 3481 42.
1265 3430 1289 3481 5.

90 3522 238 3576 sanciatur.
723 3548 757 3557 -
778 3519 826 3585 qui
844 3518 885 3572 rei
902 3516 1099 3585 frumentariae
1113 3520 1253 3582 praeerat,
1273 3530 1302 3569 er

32 3617 35 3621 ’
85 3646 94 3660 .
124 3608 152 3664 3.
182 3612 206 3662 l.
225 3607 389 3675 desperatis,
417 3624 469 3663 nur
497 3602 557 3661 hier
575 3607 620 3660 bei
639 3606 669 3660 C.
723 3598 1302 3674 hattedieVerproriantierungdesHeeres

90 3696 281 3765 adjelrtivischz
312 3696 451 3764 desperati
483 3694 586 3749 heilaen
614 3695 668 3760 die,
722 3694 771 3747 mit
790 3694 917 3749 Geireide
936 3693 1140 3747 bbernommen.

91 3784 192 3839 welche
219 3783 275 3839 alle
301 3782 443 3852 Hoffnung
470 3782 521 3838 auf
544 3783 669 3848 Rettung
758 3785 783 3836 2.
802 3782 849 3834 ubi
867 3796 935 3849 qnae
953 3781 1043 3834 maior
1060 3796 1103 3833 res
1121 3777 1222 3833 incidit
1240 3819 1247 3831 .
1268 3818 1302 3832 ..
1352 3848 1355 3852 ι

91 3872 262 3941 anigegeben
281 3872 379 3938 haben,
399 3870 484 3925 daher
497 3870 668 3939 ,tollkdhn“;
721 3868 889 3937 aipnifieant,
909 3862 943 3923 cf.
964 3869 995 3922 ll.
1015 3867 1041 3921 S.
1060 3871 1120 3921 221.
1141 3870 1166 3939 3.Ι
1184 3881 1209 3919 a.
1229 3865 1301 3919 sW.

90 3963 116 4015 in
134 3961 263 4015 auderem
282 3960 365 4014 Sinna
384 3959 428 4013 bei
447 3957 501 4014 Cic.
520 3974 570 4027 pro
587 3959 668 4013 Rosc.
723 3961 784 4011 270.
797 3974 822 4019 a.
843 3986 873 3995 -
894 3956 1018 4022 clamore,
1038 3955 1123 4009 durch
1142 3955 1237 4009 lauten
1250 3954 1303 4007 Zu-

92 4054 148 4103 Am.
164 4051 205 4103 10.
218 4052 253 4102 27
270 4047 474 4116 desperatoque
485 4047 521 4100 ab
533 4046 669 4101 omnibus.
724 4045 773 4099 ruf
789 4060 841 4099 von
861 4045 960 4099 Postea
979 4061 1012 4116 zu
1032 4044 1140 4097 Posten.

92 4164 122 4175 -
135 4134 271 4189 Concilium
282 4133 427 4204 (orliens),
446 4134 489 4188 die
499 4133 670 4201 Hauptstadt
760 4136 784 4187 3.
813 4148 901 4200 quae.
923 4173 928 4186 .
949 4134 1158 4200 percensent,
1178 4128 1325 4183 eiukon··

93 4224 139 4278 der
158 4223 312 4276 Karnnten.
340 4251 373 4261 -
397 4222 558 4290 nepotiandr'
576 4237 669 4275 causa.
724 4222 843 4275 nessirer
863 4220 1039 4287 Relationem,
1057 4218 1143 4272 daher
1162 4213 1303 4271 der'Kon·

1420 79 1438 110 Q
