<?xml version="1.0" encoding="UTF-8"?>
<!DOCTYPE html PUBLIC "-//W3C//DTD XHTML 1.0 Transitional//EN"
    "http://www.w3.org/TR/xhtml1/DTD/xhtml1-transitional.dtd">
<html xmlns="http://www.w3.org/1999/xhtml" xml:lang="en" lang="en">
 <head>
  <title>
</title>
<meta http-equiv="Content-Type" content="text/html;charset=utf-8" />
  <meta name='ocr-system' content='tesseract 3.04.00' />
  <meta name='ocr-capabilities' content='ocr_page ocr_carea ocr_par ocr_line ocrx_word'/>
</head>
<body>
  <div class='ocr_page' id='page_1' title='image "./ciuliicaesarisc00waltgoog_0302.png"; bbox 0 0 2934 4750; ppageno 0'>
   <div class='ocr_carea' id='block_1_1' title="bbox 154 149 897 212">
    <p class='ocr_par' dir='ltr' id='par_1_1' title="bbox 154 149 897 212">
     <span class='ocr_line' id='line_1_1' title="bbox 154 149 897 212; baseline 0.001 -3"><span class='ocrx_word' id='word_1_1' title='bbox 154 149 198 210; x_wconf 84' lang='lat'>30</span> <span class='ocrx_word' id='word_1_2' title='bbox 477 187 480 193; x_wconf 90' lang='lat'><em>·</em></span> <span class='ocrx_word' id='word_1_3' title='bbox 502 206 505 211; x_wconf 52' lang='lat'>.</span> <span class='ocrx_word' id='word_1_4' title='bbox 630 156 672 211; x_wconf 91' lang='lat' dir='ltr'>De</span> <span class='ocrx_word' id='word_1_5' title='bbox 689 157 763 212; x_wconf 90' lang='lat' dir='ltr'>bello</span> <span class='ocrx_word' id='word_1_6' title='bbox 782 155 897 210; x_wconf 84' lang='lat' dir='ltr'>Gallico.</span> 
     </span>
    </p>
   </div>
   <div class='ocr_carea' id='block_1_2' title="bbox 126 296 1458 2488">
    <p class='ocr_par' dir='ltr' id='par_1_2' title="bbox 209 296 1376 382">
     <span class='ocr_line' id='line_1_2' title="bbox 209 296 1376 382; baseline -0.003 -17"><span class='ocrx_word' id='word_1_7' title='bbox 209 300 372 382; x_wconf 82' lang='lat' dir='ltr'>diligentia</span> <span class='ocrx_word' id='word_1_8' title='bbox 408 299 632 372; x_wconf 91' lang='lat' dir='ltr'>adiuncturum</span> <span class='ocrx_word' id='word_1_9' title='bbox 663 303 759 379; x_wconf 90' lang='lat' dir='ltr'>atque</span> <span class='ocrx_word' id='word_1_10' title='bbox 786 317 882 362; x_wconf 92' lang='lat' dir='ltr'>unum</span> <span class='ocrx_word' id='word_1_11' title='bbox 918 297 1082 378; x_wconf 86' lang='lat' dir='ltr'>consilium</span> <span class='ocrx_word' id='word_1_12' title='bbox 1113 297 1213 364; x_wconf 89' lang='lat' dir='ltr'>tatius</span> <span class='ocrx_word' id='word_1_13' title='bbox 1244 296 1376 362; x_wconf 89' lang='lat' dir='ltr'>Galliae</span> 
     </span>
    </p>

    <p class='ocr_par' dir='ltr' id='par_1_3' title="bbox 208 403 1376 498">
     <span class='ocr_line' id='line_1_3' title="bbox 208 403 1376 498; baseline -0.002 -28"><span class='ocrx_word' id='word_1_14' title='bbox 208 403 406 484; x_wconf 88' lang='lat' dir='ltr'>effecturum,</span> <span class='ocrx_word' id='word_1_15' title='bbox 440 406 528 470; x_wconf 89' lang='lat' dir='ltr'>cuius</span> <span class='ocrx_word' id='word_1_16' title='bbox 561 406 726 470; x_wconf 88' lang='lat' dir='ltr'>consensui</span> <span class='ocrx_word' id='word_1_17' title='bbox 749 422 788 469; x_wconf 88' lang='lat' dir='ltr'>ne</span> <span class='ocrx_word' id='word_1_18' title='bbox 817 405 903 498; x_wconf 86' lang='lat' dir='ltr'>orbis</span> <span class='ocrx_word' id='word_1_19' title='bbox 928 403 1054 485; x_wconf 88' lang='lat' dir='ltr'>quidem</span> <span class='ocrx_word' id='word_1_20' title='bbox 1084 408 1240 468; x_wconf 80' lang='lat' dir='ltr'>terrarum</span> <span class='ocrx_word' id='word_1_21' title='bbox 1269 405 1376 485; x_wconf 81' lang='lat' dir='ltr'>possit</span> 
     </span>
    </p>

    <p class='ocr_par' dir='ltr' id='par_1_4' title="bbox 172 507 1376 591">
     <span class='ocr_line' id='line_1_4' title="bbox 172 507 1376 591; baseline -0.002 -15"><span class='ocrx_word' id='word_1_22' title='bbox 172 527 189 577; x_wconf 86' lang='lat'><strong>7</strong></span> <span class='ocrx_word' id='word_1_23' title='bbox 207 512 376 591; x_wconf 83' lang='lat' dir='ltr'>obsistere3</span> <span class='ocrx_word' id='word_1_24' title='bbox 400 511 495 590; x_wconf 87' lang='lat' dir='ltr'>idque</span> <span class='ocrx_word' id='word_1_25' title='bbox 511 528 545 574; x_wconf 88' lang='lat' dir='ltr'>se</span> <span class='ocrx_word' id='word_1_26' title='bbox 559 528 658 591; x_wconf 86' lang='lat' dir='ltr'>prope</span> <span class='ocrx_word' id='word_1_27' title='bbox 672 509 737 573; x_wconf 88' lang='lat' dir='ltr'>iam</span> <span class='ocrx_word' id='word_1_28' title='bbox 753 507 899 576; x_wconf 87' lang='lat' dir='ltr'>effectum</span> <span class='ocrx_word' id='word_1_29' title='bbox 914 509 1042 576; x_wconf 86' lang='lat' dir='ltr'>habere.</span> <span class='ocrx_word' id='word_1_30' title='bbox 1089 511 1216 574; x_wconf 90' lang='lat' dir='ltr'>Interea</span> <span class='ocrx_word' id='word_1_31' title='bbox 1232 527 1376 590; x_wconf 87' lang='lat' dir='ltr'>aequum</span> 
     </span>
    </p>

    <p class='ocr_par' dir='ltr' id='par_1_5' title="bbox 208 599 1376 696">
     <span class='ocr_line' id='line_1_5' title="bbox 208 599 1376 696; baseline -0.002 -14"><span class='ocrx_word' id='word_1_32' title='bbox 208 635 278 682; x_wconf 82' lang='lat' dir='ltr'>esse</span> <span class='ocrx_word' id='word_1_33' title='bbox 300 619 339 682; x_wconf 87' lang='lat' dir='ltr'>ab</span> <span class='ocrx_word' id='word_1_34' title='bbox 355 599 402 682; x_wconf 80' lang='lat' dir='ltr'>¹iis</span> <span class='ocrx_word' id='word_1_35' title='bbox 426 616 599 681; x_wconf 87' lang='lat' dir='ltr'>communis</span> <span class='ocrx_word' id='word_1_36' title='bbox 621 614 734 679; x_wconf 86' lang='lat' dir='ltr'>salutis</span> <span class='ocrx_word' id='word_1_37' title='bbox 758 632 855 680; x_wconf 87' lang='lat' dir='ltr'>causa</span> <span class='ocrx_word' id='word_1_38' title='bbox 877 615 1048 696; x_wconf 89' lang='lat' dir='ltr'>impetrari,</span> <span class='ocrx_word' id='word_1_39' title='bbox 1072 619 1109 680; x_wconf 92' lang='lat' dir='ltr'>ut</span> <span class='ocrx_word' id='word_1_40' title='bbox 1125 619 1230 680; x_wconf 87' lang='lat' dir='ltr'>castra</span> <span class='ocrx_word' id='word_1_41' title='bbox 1244 617 1376 680; x_wconf 90' lang='lat' dir='ltr'>munire</span> 
     </span>
    </p>

    <p class='ocr_par' dir='ltr' id='par_1_6' title="bbox 207 719 1374 802">
     <span class='ocr_line' id='line_1_6' title="bbox 207 719 1374 802; baseline 0.003 -16"><span class='ocrx_word' id='word_1_42' title='bbox 207 722 421 800; x_wconf 80' lang='lat' dir='ltr'>instituerent,</span> <span class='ocrx_word' id='word_1_43' title='bbox 441 740 503 802; x_wconf 87' lang='lat' dir='ltr'>quo</span> <span class='ocrx_word' id='word_1_44' title='bbox 519 720 642 787; x_wconf 84' lang='lat' dir='ltr'>facilius</span> <span class='ocrx_word' id='word_1_45' title='bbox 656 719 840 802; x_wconf 87' lang='lat' dir='ltr'>repentinos</span> <span class='ocrx_word' id='word_1_46' title='bbox 854 720 994 785; x_wconf 90' lang='lat' dir='ltr'>bostium</span> <span class='ocrx_word' id='word_1_47' title='bbox 1010 721 1146 801; x_wconf 87' lang='lat' dir='ltr'>impetus</span> <span class='ocrx_word' id='word_1_48' title='bbox 1161 721 1374 789; x_wconf 85' lang='lat' dir='ltr'>sustinerent.</span> 
     </span>
    </p>

    <p class='ocr_par' dir='ltr' id='par_1_7' title="bbox 174 824 1374 908">
     <span class='ocr_line' id='line_1_7' title="bbox 174 824 1374 908; baseline 0.002 -16"><span class='ocrx_word' id='word_1_49' title='bbox 174 844 187 892; x_wconf 94' lang='lat'>1</span> <span class='ocrx_word' id='word_1_50' title='bbox 314 832 365 894; x_wconf 87' lang='lat'>30.</span> <span class='ocrx_word' id='word_1_51' title='bbox 404 827 479 891; x_wconf 85' lang='lat' dir='ltr'>Fuit</span> <span class='ocrx_word' id='word_1_52' title='bbox 501 826 581 891; x_wconf 93' lang='lat' dir='ltr'>haec</span> <span class='ocrx_word' id='word_1_53' title='bbox 596 827 698 891; x_wconf 88' lang='lat' dir='ltr'>oratio</span> <span class='ocrx_word' id='word_1_54' title='bbox 714 843 776 891; x_wconf 92' lang='lat' dir='ltr'>non</span> <span class='ocrx_word' id='word_1_55' title='bbox 790 827 917 907; x_wconf 88' lang='lat' dir='ltr'>ingrata</span> <span class='ocrx_word' id='word_1_56' title='bbox 933 824 1043 904; x_wconf 86' lang='lat' dir='ltr'>Gallis,</span> <span class='ocrx_word' id='word_1_57' title='bbox 1069 832 1103 890; x_wconf 90' lang='lat' dir='ltr'>et</span> <span class='ocrx_word' id='word_1_58' title='bbox 1125 826 1268 906; x_wconf 79' lang='lat' dir='ltr'>maxime,</span> <span class='ocrx_word' id='word_1_59' title='bbox 1285 829 1374 908; x_wconf 88' lang='lat' dir='ltr'>quod</span> 
     </span>
    </p>

    <p class='ocr_par' dir='ltr' id='par_1_8' title="bbox 192 930 1375 1014">
     <span class='ocr_line' id='line_1_8' title="bbox 192 930 1375 1014; baseline 0.001 -17"><span class='ocrx_word' id='word_1_60' title='bbox 192 933 275 1014; x_wconf 60' lang='lat' dir='ltr'>‘ipse</span> <span class='ocrx_word' id='word_1_61' title='bbox 298 933 404 997; x_wconf 90' lang='lat' dir='ltr'>animo</span> <span class='ocrx_word' id='word_1_62' title='bbox 427 950 490 997; x_wconf 90' lang='lat' dir='ltr'>non</span> <span class='ocrx_word' id='word_1_63' title='bbox 513 930 673 996; x_wconf 84' lang='lat' dir='ltr'>defecerat</span> <span class='ocrx_word' id='word_1_64' title='bbox 694 936 786 996; x_wconf 92' lang='lat' dir='ltr'>tanto</span> <span class='ocrx_word' id='word_1_65' title='bbox 817 936 947 1012; x_wconf 89' lang='lat' dir='ltr'>accepto</span> <span class='ocrx_word' id='word_1_66' title='bbox 973 930 1169 996; x_wconf 88' lang='lat' dir='ltr'>incommodo</span> <span class='ocrx_word' id='word_1_67' title='bbox 1200 950 1305 1013; x_wconf 89' lang='lat' dir='ltr'>neque</span> <span class='ocrx_word' id='word_1_68' title='bbox 1340 952 1375 998; x_wconf 90' lang='lat' dir='ltr'>se</span> 
     </span>
    </p>

    <p class='ocr_par' dir='ltr' id='par_1_9' title="bbox 171 1034 1375 1118">
     <span class='ocr_line' id='line_1_9' title="bbox 171 1034 1375 1118; baseline 0.002 -17"><span class='ocrx_word' id='word_1_69' title='bbox 171 1053 189 1101; x_wconf 88' lang='lat'><strong>2</strong></span> <span class='ocrx_word' id='word_1_70' title='bbox 207 1038 241 1102; x_wconf 94' lang='lat' dir='ltr'>in</span> <span class='ocrx_word' id='word_1_71' title='bbox 257 1037 422 1108; x_wconf 85' lang='lat' dir='ltr'>¹occultum</span> <span class='ocrx_word' id='word_1_72' title='bbox 446 1036 612 1113; x_wconf 87' lang='lat' dir='ltr'>abdiderat</span> <span class='ocrx_word' id='word_1_73' title='bbox 627 1042 660 1102; x_wconf 90' lang='lat' dir='ltr'>et</span> <span class='ocrx_word' id='word_1_74' title='bbox 676 1041 878 1117; x_wconf 87' lang='lat' dir='ltr'>conspectum</span> <span class='ocrx_word' id='word_1_75' title='bbox 896 1036 1103 1101; x_wconf 87' lang='lat' dir='ltr'>multitudinis</span> <span class='ocrx_word' id='word_1_76' title='bbox 1126 1034 1268 1116; x_wconf 89' lang='lat' dir='ltr'>fugerat;</span> <span class='ocrx_word' id='word_1_77' title='bbox 1285 1037 1375 1118; x_wconf 86' lang='lat' dir='ltr'>plus·</span> 
     </span>
    </p>

    <p class='ocr_par' dir='ltr' id='par_1_10' title="bbox 165 1141 1375 1224">
     <span class='ocr_line' id='line_1_10' title="bbox 165 1141 1375 1224; baseline 0 -16"><span class='ocrx_word' id='word_1_78' title='bbox 165 1205 172 1222; x_wconf 60' lang='lat'><em>„</em></span> <span class='ocrx_word' id='word_1_79' title='bbox 209 1161 270 1224; x_wconf 89' lang='lat' dir='ltr'>quc</span> <span class='ocrx_word' id='word_1_80' title='bbox 304 1144 409 1208; x_wconf 77' lang='lat' dir='ltr'>annno</span> <span class='ocrx_word' id='word_1_81' title='bbox 442 1142 607 1224; x_wconf 90' lang='lat' dir='ltr'>providere</span> <span class='ocrx_word' id='word_1_82' title='bbox 634 1147 673 1206; x_wconf 88' lang='lat' dir='ltr'>et</span> <span class='ocrx_word' id='word_1_83' title='bbox 706 1143 905 1222; x_wconf 82' lang='lat' dir='ltr'>praesentire</span> <span class='ocrx_word' id='word_1_84' title='bbox 940 1141 1191 1221; x_wconf 84' lang='lat' dir='ltr'>existimabatur,</span> <span class='ocrx_word' id='word_1_85' title='bbox 1221 1143 1306 1222; x_wconf 88' lang='lat' dir='ltr'>quod</span> <span class='ocrx_word' id='word_1_86' title='bbox 1339 1161 1375 1208; x_wconf 88' lang='lat' dir='ltr'>re</span> 
     </span>
    </p>

    <p class='ocr_par' dir='ltr' id='par_1_11' title="bbox 136 1235 1374 1330">
     <span class='ocr_line' id='line_1_11' title="bbox 136 1235 1374 1330; baseline 0 -18"><span class='ocrx_word' id='word_1_87' title='bbox 136 1260 142 1274; x_wconf 89' lang='lat'><strong>·</strong></span> <span class='ocrx_word' id='word_1_88' title='bbox 207 1249 335 1330; x_wconf 89' lang='lat' dir='ltr'>integra</span> <span class='ocrx_word' id='word_1_89' title='bbox 363 1249 465 1328; x_wconf 92' lang='lat' dir='ltr'>primo</span> <span class='ocrx_word' id='word_1_90' title='bbox 493 1235 724 1313; x_wconf 88' lang='lat' dir='ltr'>incendendum</span> <span class='ocrx_word' id='word_1_91' title='bbox 751 1247 931 1326; x_wconf 86' lang='lat' dir='ltr'>Avaricum,</span> <span class='ocrx_word' id='word_1_92' title='bbox 960 1253 1032 1328; x_wconf 89' lang='lat' dir='ltr'>post</span> <span class='ocrx_word' id='word_1_93' title='bbox 1060 1247 1271 1312; x_wconf 87' lang='lat' dir='ltr'>deserendum</span> <span class='ocrx_word' id='word_1_94' title='bbox 1299 1267 1374 1314; x_wconf 91' lang='lat' dir='ltr'>cen-</span> 
     </span>
    </p>

    <p class='ocr_par' dir='ltr' id='par_1_12' title="bbox 173 1352 1374 1434">
     <span class='ocr_line' id='line_1_12' title="bbox 173 1352 1374 1434; baseline 0 -18"><span class='ocrx_word' id='word_1_95' title='bbox 173 1367 190 1416; x_wconf 82' lang='lat'><strong>3</strong></span> <span class='ocrx_word' id='word_1_96' title='bbox 208 1358 324 1420; x_wconf 88' lang='lat' dir='ltr'>suerat.</span> <span class='ocrx_word' id='word_1_97' title='bbox 370 1354 480 1434; x_wconf 86' lang='lat' dir='ltr'>Itaque</span> <span class='ocrx_word' id='word_1_98' title='bbox 502 1359 539 1417; x_wconf 92' lang='lat' dir='ltr'>ut</span> <span class='ocrx_word' id='word_1_99' title='bbox 550 1352 742 1434; x_wconf 89' lang='lat' dir='ltr'>reliquorum</span> <span class='ocrx_word' id='word_1_100' title='bbox 754 1354 980 1434; x_wconf 89' lang='lat' dir='ltr'>imperatomm</span> <span class='ocrx_word' id='word_1_101' title='bbox 1003 1369 1054 1416; x_wconf 86' lang='lat' dir='ltr'>res</span> <span class='ocrx_word' id='word_1_102' title='bbox 1064 1353 1216 1418; x_wconf 85' lang='lat' dir='ltr'>adversae</span> <span class='ocrx_word' id='word_1_103' title='bbox 1232 1353 1374 1418; x_wconf 88' lang='lat' dir='ltr'>auctori-</span> 
     </span>
    </p>

    <p class='ocr_par' dir='ltr' id='par_1_13' title="bbox 146 1457 1372 1542">
     <span class='ocr_line' id='line_1_13' title="bbox 146 1457 1372 1542; baseline -0.002 -18"><span class='ocrx_word' id='word_1_104' title='bbox 146 1530 148 1534; x_wconf 33' lang='lat'>,</span> <span class='ocrx_word' id='word_1_105' title='bbox 209 1464 308 1524; x_wconf 89' lang='lat' dir='ltr'>tatem</span> <span class='ocrx_word' id='word_1_106' title='bbox 340 1459 495 1538; x_wconf 90' lang='lat' dir='ltr'>minuunt,</span> <span class='ocrx_word' id='word_1_107' title='bbox 527 1459 573 1524; x_wconf 92' lang='lat' dir='ltr'>sic</span> <span class='ocrx_word' id='word_1_108' title='bbox 605 1459 698 1524; x_wconf 86' lang='lat' dir='ltr'>huius</span> <span class='ocrx_word' id='word_1_109' title='bbox 731 1477 770 1522; x_wconf 87' lang='lat' dir='ltr'>ex</span> <span class='ocrx_word' id='word_1_110' title='bbox 789 1458 962 1542; x_wconf 84' lang='lat' dir='ltr'>contrario</span> <span class='ocrx_word' id='word_1_111' title='bbox 996 1457 1136 1542; x_wconf 82' lang='lat' dir='ltr'>dignitas</span> <span class='ocrx_word' id='word_1_112' title='bbox 1168 1459 1372 1524; x_wconf 90' lang='lat' dir='ltr'>incommodo</span> 
     </span>
    </p>

    <p class='ocr_par' dir='ltr' id='par_1_14' title="bbox 145 1553 1373 1646">
     <span class='ocr_line' id='line_1_14' title="bbox 145 1553 1373 1646; baseline 0 -18"><span class='ocrx_word' id='word_1_113' title='bbox 145 1553 147 1556; x_wconf 58' lang='grc'>’</span> <span class='ocrx_word' id='word_1_114' title='bbox 173 1569 340 1646; x_wconf 72' lang='lat' dir='ltr'>daccepto</span> <span class='ocrx_word' id='word_1_115' title='bbox 363 1566 396 1628; x_wconf 94' lang='lat' dir='ltr'>in</span> <span class='ocrx_word' id='word_1_116' title='bbox 419 1564 487 1629; x_wconf 90' lang='lat' dir='ltr'>dies</span> <span class='ocrx_word' id='word_1_117' title='bbox 510 1564 696 1644; x_wconf 87' lang='lat' dir='ltr'>augebatur.</span> <span class='ocrx_word' id='word_1_118' title='bbox 742 1562 843 1628; x_wconf 89' lang='lat' dir='ltr'>Simul</span> <span class='ocrx_word' id='word_1_119' title='bbox 865 1564 898 1627; x_wconf 95' lang='lat' dir='ltr'>in</span> <span class='ocrx_word' id='word_1_120' title='bbox 921 1581 1009 1644; x_wconf 88' lang='lat' dir='ltr'>spem</span> <span class='ocrx_word' id='word_1_121' title='bbox 1031 1563 1203 1629; x_wconf 87' lang='lat' dir='ltr'>veniebant</span> <span class='ocrx_word' id='word_1_122' title='bbox 1226 1564 1295 1628; x_wconf 90' lang='lat' dir='ltr'>eius</span> <span class='ocrx_word' id='word_1_123' title='bbox 1311 1564 1373 1628; x_wconf 86' lang='lat' dir='ltr'>ad-</span> 
     </span>
    </p>

    <p class='ocr_par' dir='ltr' id='par_1_15' title="bbox 208 1668 1372 1751">
     <span class='ocr_line' id='line_1_15' title="bbox 208 1668 1372 1751; baseline 0.001 -17"><span class='ocrx_word' id='word_1_124' title='bbox 208 1668 387 1734; x_wconf 90' lang='lat' dir='ltr'>firmatione</span> <span class='ocrx_word' id='word_1_125' title='bbox 414 1669 453 1734; x_wconf 94' lang='lat' dir='ltr'>de</span> <span class='ocrx_word' id='word_1_126' title='bbox 481 1669 610 1750; x_wconf 87' lang='lat' dir='ltr'>reliquis</span> <span class='ocrx_word' id='word_1_127' title='bbox 637 1669 848 1751; x_wconf 86' lang='lat' dir='ltr'>adiungendis</span> <span class='ocrx_word' id='word_1_128' title='bbox 877 1669 1071 1742; x_wconf 80' lang='lat' dir='ltr'>civitatibus3</span> <span class='ocrx_word' id='word_1_129' title='bbox 1105 1669 1306 1750; x_wconf 89' lang='lat' dir='ltr'>primumque</span> <span class='ocrx_word' id='word_1_130' title='bbox 1335 1687 1372 1735; x_wconf 89' lang='lat' dir='ltr'>eo</span> 
     </span>
    </p>

    <p class='ocr_par' dir='ltr' id='par_1_16' title="bbox 210 1775 1371 1857">
     <span class='ocr_line' id='line_1_16' title="bbox 210 1775 1371 1857; baseline 0 -17"><span class='ocrx_word' id='word_1_131' title='bbox 210 1781 352 1857; x_wconf 90' lang='lat' dir='ltr'>tempore</span> <span class='ocrx_word' id='word_1_132' title='bbox 380 1775 464 1841; x_wconf 87' lang='lat' dir='ltr'>Galli</span> <span class='ocrx_word' id='word_1_133' title='bbox 491 1781 600 1840; x_wconf 89' lang='lat' dir='ltr'>castra</span> <span class='ocrx_word' id='word_1_134' title='bbox 626 1775 748 1840; x_wconf 88' lang='lat' dir='ltr'>munire</span> <span class='ocrx_word' id='word_1_135' title='bbox 783 1775 991 1840; x_wconf 87' lang='lat' dir='ltr'>instituerunt</span> <span class='ocrx_word' id='word_1_136' title='bbox 1023 1779 1056 1840; x_wconf 88' lang='lat' dir='ltr'>et</span> <span class='ocrx_word' id='word_1_137' title='bbox 1085 1775 1131 1840; x_wconf 89' lang='lat' dir='ltr'>sic</span> <span class='ocrx_word' id='word_1_138' title='bbox 1161 1780 1236 1840; x_wconf 86' lang='lat' dir='ltr'>sunt</span> <span class='ocrx_word' id='word_1_139' title='bbox 1264 1775 1371 1840; x_wconf 91' lang='lat' dir='ltr'>animo</span> 
     </span>
    </p>

    <p class='ocr_par' dir='ltr' id='par_1_17' title="bbox 209 1873 1372 2068">
     <span class='ocr_line' id='line_1_17' title="bbox 209 1873 1372 1966; baseline -0.003 -20"><span class='ocrx_word' id='word_1_140' title='bbox 209 1882 404 1946; x_wconf 87' lang='lat' dir='ltr'>consternati</span> <span class='ocrx_word' id='word_1_141' title='bbox 425 1881 566 1966; x_wconf 82' lang='lat' dir='ltr'>homines</span> <span class='ocrx_word' id='word_1_142' title='bbox 588 1881 704 1946; x_wconf 90' lang='lat' dir='ltr'>insueti</span> <span class='ocrx_word' id='word_1_143' title='bbox 726 1873 855 1957; x_wconf 88' lang='lat' dir='ltr'>laboris,</span> <span class='ocrx_word' id='word_1_144' title='bbox 880 1886 915 1944; x_wconf 92' lang='lat' dir='ltr'>ut</span> <span class='ocrx_word' id='word_1_145' title='bbox 938 1880 1051 1960; x_wconf 90' lang='lat' dir='ltr'>omnia,</span> <span class='ocrx_word' id='word_1_146' title='bbox 1076 1897 1156 1960; x_wconf 87' lang='lat' dir='ltr'>quae</span> <span class='ocrx_word' id='word_1_147' title='bbox 1177 1880 1372 1961; x_wconf 87' lang='lat' dir='ltr'>imperaren-</span> 
     </span>
     <span class='ocr_line' id='line_1_18' title="bbox 209 1985 1041 2068; baseline 0 -18"><span class='ocrx_word' id='word_1_148' title='bbox 209 1991 271 2068; x_wconf 90' lang='lat' dir='ltr'>tur,</span> <span class='ocrx_word' id='word_1_149' title='bbox 295 1986 357 2050; x_wconf 91' lang='lat' dir='ltr'>sibi</span> <span class='ocrx_word' id='word_1_150' title='bbox 379 1987 528 2066; x_wconf 88' lang='lat' dir='ltr'>patienda</span> <span class='ocrx_word' id='word_1_151' title='bbox 550 1991 583 2050; x_wconf 92' lang='lat' dir='ltr'>et</span> <span class='ocrx_word' id='word_1_152' title='bbox 604 1985 792 2066; x_wconf 85' lang='lat' dir='ltr'>perferenda</span> <span class='ocrx_word' id='word_1_153' title='bbox 815 1985 1041 2050; x_wconf 87' lang='lat' dir='ltr'>existimarent.</span> 
     </span>
    </p>

    <p class='ocr_par' dir='ltr' id='par_1_18' title="bbox 177 2089 1456 2173">
     <span class='ocr_line' id='line_1_19' title="bbox 177 2089 1456 2173; baseline 0.004 -23"><span class='ocrx_word' id='word_1_154' title='bbox 177 2104 189 2150; x_wconf 86' lang='lat'><em>1</em></span> <span class='ocrx_word' id='word_1_155' title='bbox 233 2096 236 2101; x_wconf 75' lang='grc'><strong><em>’</em></strong></span> <span class='ocrx_word' id='word_1_156' title='bbox 316 2096 368 2155; x_wconf 85' lang='grc'><strong>31.</strong></span> <span class='ocrx_word' id='word_1_157' title='bbox 407 2090 473 2156; x_wconf 90' lang='lat' dir='ltr'>Nec</span> <span class='ocrx_word' id='word_1_158' title='bbox 496 2091 608 2173; x_wconf 90' lang='lat' dir='ltr'>minus,</span> <span class='ocrx_word' id='word_1_159' title='bbox 631 2109 726 2172; x_wconf 90' lang='lat' dir='ltr'>quam</span> <span class='ocrx_word' id='word_1_160' title='bbox 749 2095 798 2156; x_wconf 90' lang='lat' dir='ltr'>est</span> <span class='ocrx_word' id='word_1_161' title='bbox 814 2090 983 2170; x_wconf 87' lang='lat' dir='ltr'>pollicitus,</span> <span class='ocrx_word' id='word_1_162' title='bbox 1009 2089 1248 2170; x_wconf 85' lang='lat' dir='ltr'>Vercingetorix</span> <span class='ocrx_word' id='word_1_163' title='bbox 1264 2090 1370 2155; x_wconf 92' lang='lat' dir='ltr'>animo</span> <span class='ocrx_word' id='word_1_164' title='bbox 1455 2105 1456 2112; x_wconf 45' lang='lat'>³</span> 
     </span>
    </p>

    <p class='ocr_par' dir='ltr' id='par_1_19' title="bbox 210 2179 1458 2290">
     <span class='ocr_line' id='line_1_20' title="bbox 210 2179 1458 2290; baseline -0.002 -31"><span class='ocrx_word' id='word_1_165' title='bbox 210 2179 448 2274; x_wconf 75' lang='lat' dir='ltr'>laborabatut</span> <span class='ocrx_word' id='word_1_166' title='bbox 469 2195 609 2276; x_wconf 86' lang='lat' dir='ltr'>reliquas</span> <span class='ocrx_word' id='word_1_167' title='bbox 633 2197 780 2261; x_wconf 86' lang='lat' dir='ltr'>civitates</span> <span class='ocrx_word' id='word_1_168' title='bbox 803 2185 1001 2278; x_wconf 85' lang='lat' dir='ltr'>adiungeret,</span> <span class='ocrx_word' id='word_1_169' title='bbox 1025 2200 1120 2290; x_wconf 22' lang='lat' dir='ltr'>atqu-e</span> <span class='ocrx_word' id='word_1_170' title='bbox 1143 2213 1255 2260; x_wconf 91' lang='lat' dir='ltr'>earum</span> <span class='ocrx_word' id='word_1_171' title='bbox 1284 2197 1382 2276; x_wconf 74' lang='lat' dir='ltr'>prin,</span> <span class='ocrx_word' id='word_1_172' title='bbox 1457 2253 1458 2256; x_wconf 74' lang='grc'>,</span> 
     </span>
    </p>

    <p class='ocr_par' dir='ltr' id='par_1_20' title="bbox 126 2291 1371 2388">
     <span class='ocr_line' id='line_1_21' title="bbox 126 2291 1371 2388; baseline 0.002 -28"><span class='ocrx_word' id='word_1_173' title='bbox 126 2309 130 2316; x_wconf 90' lang='grc'><em>·</em></span> <span class='ocrx_word' id='word_1_174' title='bbox 176 2302 299 2383; x_wconf 82' lang='lat' dir='ltr'>acipes</span> <span class='ocrx_word' id='word_1_175' title='bbox 333 2301 423 2388; x_wconf 90' lang='lat' dir='ltr'>donis</span> <span class='ocrx_word' id='word_1_176' title='bbox 456 2300 802 2383; x_wconf 89' lang='lat' dir='ltr'>pollicitationibusque</span> <span class='ocrx_word' id='word_1_177' title='bbox 833 2300 1000 2367; x_wconf 86' lang='lat' dir='ltr'>alliciebat.</span> <span class='ocrx_word' id='word_1_178' title='bbox 1051 2299 1134 2366; x_wconf 90' lang='lat' dir='ltr'>Huic</span> <span class='ocrx_word' id='word_1_179' title='bbox 1169 2291 1221 2364; x_wconf 89' lang='lat' dir='ltr'>rei</span> <span class='ocrx_word' id='word_1_180' title='bbox 1243 2301 1371 2366; x_wconf 87' lang='lat' dir='ltr'>idoneos</span> 
     </span>
    </p>

    <p class='ocr_par' dir='ltr' id='par_1_21' title="bbox 213 2406 1373 2488">
     <span class='ocr_line' id='line_1_22' title="bbox 213 2406 1373 2488; baseline 0 -19"><span class='ocrx_word' id='word_1_181' title='bbox 213 2406 357 2471; x_wconf 87' lang='lat' dir='ltr'>homines</span> <span class='ocrx_word' id='word_1_182' title='bbox 382 2406 549 2488; x_wconf 87' lang='lat' dir='ltr'>deligebat,</span> <span class='ocrx_word' id='word_1_183' title='bbox 574 2425 706 2488; x_wconf 88' lang='lat' dir='ltr'>quorum</span> <span class='ocrx_word' id='word_1_184' title='bbox 736 2408 867 2487; x_wconf 91' lang='lat' dir='ltr'>quisque</span> <span class='ocrx_word' id='word_1_185' title='bbox 895 2411 951 2471; x_wconf 86' lang='lat' dir='ltr'>aut</span> <span class='ocrx_word' id='word_1_186' title='bbox 979 2407 1123 2471; x_wconf 89' lang='lat' dir='ltr'>oratione</span> <span class='ocrx_word' id='word_1_187' title='bbox 1152 2406 1286 2472; x_wconf 88' lang='lat' dir='ltr'>subdola</span> <span class='ocrx_word' id='word_1_188' title='bbox 1307 2412 1373 2470; x_wconf 84' lang='lat' dir='ltr'>&#39;aut</span> 
     </span>
    </p>
   </div>
   <div class='ocr_carea' id='block_1_3' title="bbox 137 2632 1374 2876">
    <p class='ocr_par' dir='ltr' id='par_1_22' title="bbox 137 2632 1374 2876">
     <span class='ocr_line' id='line_1_23' title="bbox 159 2632 1373 2687; baseline 0 -2"><span class='ocrx_word' id='word_1_189' title='bbox 159 2632 300 2686; x_wconf 88' lang='lat' dir='ltr'>schlossen</span> <span class='ocrx_word' id='word_1_190' title='bbox 320 2632 425 2686; x_wconf 87' lang='lat' dir='ltr'>hatten.</span> <span class='ocrx_word' id='word_1_191' title='bbox 444 2662 478 2671; x_wconf 94' lang='lat'>-</span> <span class='ocrx_word' id='word_1_192' title='bbox 496 2648 581 2685; x_wconf 81' lang='lat' dir='ltr'>anam</span> <span class='ocrx_word' id='word_1_193' title='bbox 598 2632 741 2686; x_wconf 80' lang='lat' dir='ltr'>consilium</span> <span class='ocrx_word' id='word_1_194' title='bbox 794 2633 981 2687; x_wconf 83' lang='lat' dir='ltr'>Landsleuten</span> <span class='ocrx_word' id='word_1_195' title='bbox 1010 2649 1097 2686; x_wconf 89' lang='lat' dir='ltr'>neuen</span> <span class='ocrx_word' id='word_1_196' title='bbox 1122 2632 1184 2686; x_wconf 90' lang='lat' dir='ltr'>Mut</span> <span class='ocrx_word' id='word_1_197' title='bbox 1214 2649 1264 2685; x_wconf 86' lang='lat' dir='ltr'>zur</span> <span class='ocrx_word' id='word_1_198' title='bbox 1293 2632 1373 2685; x_wconf 88' lang='lat' dir='ltr'>Fort-</span> 
     </span>
     <span class='ocr_line' id='line_1_24' title="bbox 137 2718 1313 2790; baseline -0.001 -17"><span class='ocrx_word' id='word_1_199' title='bbox 137 2719 403 2790; x_wconf 80' lang='lat' dir='ltr'>&#39;„Einhelliglreit“.</span> <span class='ocrx_word' id='word_1_200' title='bbox 432 2750 463 2759; x_wconf 91' lang='lat'>—</span> <span class='ocrx_word' id='word_1_201' title='bbox 492 2720 614 2785; x_wconf 79' lang='lat' dir='ltr'>effectma</span> <span class='ocrx_word' id='word_1_202' title='bbox 644 2720 741 2773; x_wconf 81' lang='lat' dir='ltr'>babere</span> <span class='ocrx_word' id='word_1_203' title='bbox 794 2726 908 2788; x_wconf 85' lang='lat' dir='ltr'>setzung</span> <span class='ocrx_word' id='word_1_204' title='bbox 927 2721 974 2775; x_wconf 90' lang='lat' dir='ltr'>des</span> <span class='ocrx_word' id='word_1_205' title='bbox 992 2720 1108 2786; x_wconf 87' lang='lat' dir='ltr'>Krieges</span> <span class='ocrx_word' id='word_1_206' title='bbox 1127 2718 1313 2773; x_wconf 79' lang='lat' dir='ltr'>einaufldl&#39;sen.</span> 
     </span>
     <span class='ocr_line' id='line_1_25' title="bbox 159 2806 1374 2876; baseline -0.003 -13"><span class='ocrx_word' id='word_1_207' title='bbox 159 2810 257 2863; x_wconf 82' lang='lat' dir='ltr'>druckt</span> <span class='ocrx_word' id='word_1_208' title='bbox 286 2810 364 2863; x_wconf 86' lang='lat' dir='ltr'>mehr</span> <span class='ocrx_word' id='word_1_209' title='bbox 391 2809 433 2862; x_wconf 80' lang='lat' dir='ltr'>als</span> <span class='ocrx_word' id='word_1_210' title='bbox 463 2808 588 2863; x_wconf 85' lang='lat' dir='ltr'>effecisse</span> <span class='ocrx_word' id='word_1_211' title='bbox 616 2809 660 2862; x_wconf 92' lang='lat' dir='ltr'>die</span> <span class='ocrx_word' id='word_1_212' title='bbox 688 2808 740 2863; x_wconf 84' lang='lat' dir='ltr'>Ge·</span> <span class='ocrx_word' id='word_1_213' title='bbox 829 2812 854 2861; x_wconf 87' lang='lat'>4.</span> <span class='ocrx_word' id='word_1_214' title='bbox 862 2808 894 2860; x_wconf 84' lang='lat' dir='ltr'>dc</span> <span class='ocrx_word' id='word_1_215' title='bbox 902 2806 1206 2876; x_wconf 69' lang='lat' dir='ltr'>religamadiaapeada&#39;s</span> <span class='ocrx_word' id='word_1_216' title='bbox 1215 2807 1374 2861; x_wconf 79' lang='lat' dir='ltr'>ciuitatibus</span> 
     </span>
    </p>
   </div>
   <div class='ocr_carea' id='block_1_4' title="bbox 159 2874 1374 2961">
    <p class='ocr_par' dir='ltr' id='par_1_23' title="bbox 159 2874 1374 2961">
     <span class='ocr_line' id='line_1_26' title="bbox 159 2874 1374 2961; baseline 0 -12"><span class='ocrx_word' id='word_1_217' title='bbox 159 2874 278 2951; x_wconf 66' lang='lat' dir='ltr'>urilsheit</span> <span class='ocrx_word' id='word_1_218' title='bbox 295 2912 354 2954; x_wconf 78' lang='lat' dir='ltr'>aus,</span> <span class='ocrx_word' id='word_1_219' title='bbox 794 2896 912 2950; x_wconf 89' lang='lat' dir='ltr'>istnicht</span> <span class='ocrx_word' id='word_1_220' title='bbox 920 2898 970 2949; x_wconf 89' lang='lat' dir='ltr'>mit</span> <span class='ocrx_word' id='word_1_221' title='bbox 979 2898 1035 2951; x_wconf 89' lang='lat' dir='ltr'>eius</span> <span class='ocrx_word' id='word_1_222' title='bbox 1045 2896 1247 2961; x_wconf 89' lang='lat' dir='ltr'>adfirmatione,</span> <span class='ocrx_word' id='word_1_223' title='bbox 1255 2896 1374 2951; x_wconf 87' lang='lat' dir='ltr'>sandern</span> 
     </span>
    </p>
   </div>
   <div class='ocr_carea' id='block_1_5' title="bbox 102 2983 743 3929">
    <p class='ocr_par' dir='ltr' id='par_1_24' title="bbox 157 2983 741 3389">
     <span class='ocr_line' id='line_1_27' title="bbox 193 2983 740 3051; baseline -0.004 -13"><span class='ocrx_word' id='word_1_224' title='bbox 193 2984 241 3039; x_wconf 80' lang='lat'>30.</span> <span class='ocrx_word' id='word_1_225' title='bbox 272 2983 740 3051; x_wconf 77' lang='lat' dir='ltr'>l.aeqaesc...abdtderatet...</span> 
     </span>
     <span class='ocr_line' id='line_1_28' title="bbox 157 3072 740 3138; baseline 0.003 -15"><span class='ocrx_word' id='word_1_226' title='bbox 157 3073 281 3138; x_wconf 65' lang='lat' dir='ltr'>superat,</span> <span class='ocrx_word' id='word_1_227' title='bbox 306 3072 349 3125; x_wconf 85' lang='lat' dir='ltr'>die</span> <span class='ocrx_word' id='word_1_228' title='bbox 367 3072 505 3137; x_wconf 85' lang='lat' dir='ltr'>Negation</span> <span class='ocrx_word' id='word_1_229' title='bbox 523 3072 661 3126; x_wconf 87' lang='lat' dir='ltr'>erstreckt</span> <span class='ocrx_word' id='word_1_230' title='bbox 679 3072 740 3125; x_wconf 87' lang='lat' dir='ltr'>sich</span> 
     </span>
     <span class='ocr_line' id='line_1_29' title="bbox 159 3148 741 3226; baseline -0.002 -13"><span class='ocrx_word' id='word_1_231' title='bbox 159 3148 231 3213; x_wconf 87' lang='lat' dir='ltr'>auch</span> <span class='ocrx_word' id='word_1_232' title='bbox 244 3159 311 3213; x_wconf 80' lang='lat' dir='ltr'>liber</span> <span class='ocrx_word' id='word_1_233' title='bbox 323 3160 376 3213; x_wconf 90' lang='lat' dir='ltr'>den</span> <span class='ocrx_word' id='word_1_234' title='bbox 388 3160 503 3215; x_wconf 82' lang='lat' dir='ltr'>aweiten</span> <span class='ocrx_word' id='word_1_235' title='bbox 516 3159 590 3226; x_wconf 80' lang='lat' dir='ltr'>Sata,</span> <span class='ocrx_word' id='word_1_236' title='bbox 603 3159 639 3212; x_wconf 87' lang='lat' dir='ltr'>da</span> <span class='ocrx_word' id='word_1_237' title='bbox 651 3159 741 3213; x_wconf 88' lang='lat' dir='ltr'>dieser</span> 
     </span>
     <span class='ocr_line' id='line_1_30' title="bbox 160 3247 740 3314; baseline 0 -15"><span class='ocrx_word' id='word_1_238' title='bbox 160 3264 211 3300; x_wconf 91' lang='lat' dir='ltr'>nur</span> <span class='ocrx_word' id='word_1_239' title='bbox 238 3248 298 3301; x_wconf 88' lang='lat' dir='ltr'>eine</span> <span class='ocrx_word' id='word_1_240' title='bbox 328 3248 506 3314; x_wconf 80' lang='lat' dir='ltr'>Auefdhrung</span> <span class='ocrx_word' id='word_1_241' title='bbox 537 3247 584 3301; x_wconf 88' lang='lat' dir='ltr'>des</span> <span class='ocrx_word' id='word_1_242' title='bbox 615 3254 740 3301; x_wconf 85' lang='lat' dir='ltr'>ersteren</span> 
     </span>
     <span class='ocr_line' id='line_1_31' title="bbox 159 3337 204 3389; baseline 0 0"><span class='ocrx_word' id='word_1_243' title='bbox 159 3337 204 3389; x_wconf 88' lang='lat' dir='ltr'>ist.</span> 
     </span>
    </p>

    <p class='ocr_par' dir='ltr' id='par_1_25' title="bbox 159 3403 741 3750">
     <span class='ocr_line' id='line_1_32' title="bbox 195 3403 741 3489; baseline 0 -14"><span class='ocrx_word' id='word_1_244' title='bbox 195 3428 220 3476; x_wconf 86' lang='lat'>2.</span> <span class='ocrx_word' id='word_1_245' title='bbox 239 3422 408 3489; x_wconf 71' lang='lat' dir='ltr'>reintegra,</span> <span class='ocrx_word' id='word_1_246' title='bbox 433 3422 475 3475; x_wconf 90' lang='lat' dir='ltr'>als</span> <span class='ocrx_word' id='word_1_247' title='bbox 494 3422 564 3475; x_wconf 90' lang='lat' dir='ltr'>noch</span> <span class='ocrx_word' id='word_1_248' title='bbox 584 3403 652 3476; x_wconf 79' lang='lat' dir='ltr'>alles</span> <span class='ocrx_word' id='word_1_249' title='bbox 671 3422 741 3475; x_wconf 80' lang='lat' dir='ltr'>baim</span> 
     </span>
     <span class='ocr_line' id='line_1_33' title="bbox 159 3509 741 3576; baseline 0 -13"><span class='ocrx_word' id='word_1_250' title='bbox 159 3511 236 3563; x_wconf 86' lang='lat' dir='ltr'>alten</span> <span class='ocrx_word' id='word_1_251' title='bbox 254 3510 350 3576; x_wconf 87' lang='lat' dir='ltr'>stand,</span> <span class='ocrx_word' id='word_1_252' title='bbox 377 3509 403 3562; x_wconf 90' lang='lat' dir='ltr'>d.</span> <span class='ocrx_word' id='word_1_253' title='bbox 423 3510 449 3565; x_wconf 86' lang='lat' dir='ltr'>h.</span> <span class='ocrx_word' id='word_1_254' title='bbox 477 3525 526 3563; x_wconf 88' lang='lat' dir='ltr'>vor</span> <span class='ocrx_word' id='word_1_255' title='bbox 552 3510 611 3563; x_wconf 86' lang='lat' dir='ltr'>dem</span> <span class='ocrx_word' id='word_1_256' title='bbox 638 3509 741 3564; x_wconf 82' lang='lat' dir='ltr'>Unfall.</span> 
     </span>
     <span class='ocr_line' id='line_1_34' title="bbox 160 3596 741 3661; baseline 0.005 -13"><span class='ocrx_word' id='word_1_257' title='bbox 160 3625 194 3636; x_wconf 94' lang='lat'>—</span> <span class='ocrx_word' id='word_1_258' title='bbox 230 3596 427 3650; x_wconf 77' lang='lat' dir='ltr'>iaceradcndum</span> <span class='ocrx_word' id='word_1_259' title='bbox 456 3597 616 3661; x_wconf 78' lang='lat' dir='ltr'>Avaricum,</span> <span class='ocrx_word' id='word_1_260' title='bbox 654 3597 689 3651; x_wconf 83' lang='lat' dir='ltr'>cs.</span> <span class='ocrx_word' id='word_1_261' title='bbox 718 3614 741 3651; x_wconf 93' lang='lat' dir='ltr'>c.</span> 
     </span>
     <span class='ocr_line' id='line_1_35' title="bbox 162 3684 706 3750; baseline 0.002 -13"><span class='ocrx_word' id='word_1_262' title='bbox 162 3688 204 3738; x_wconf 83' lang='lat'>15.</span> <span class='ocrx_word' id='word_1_263' title='bbox 223 3688 248 3738; x_wconf 91' lang='lat'>6.</span> <span class='ocrx_word' id='word_1_264' title='bbox 267 3712 301 3723; x_wconf 87' lang='lat'><em>-</em></span> <span class='ocrx_word' id='word_1_265' title='bbox 318 3684 502 3750; x_wconf 76' lang='lat' dir='ltr'>deserendam,</span> <span class='ocrx_word' id='word_1_266' title='bbox 522 3684 556 3738; x_wconf 85' lang='lat' dir='ltr'>cf.</span> <span class='ocrx_word' id='word_1_267' title='bbox 575 3701 598 3739; x_wconf 91' lang='lat' dir='ltr'>c.</span> <span class='ocrx_word' id='word_1_268' title='bbox 618 3687 661 3739; x_wconf 84' lang='lat'>26.</span> <span class='ocrx_word' id='word_1_269' title='bbox 682 3690 706 3738; x_wconf 94' lang='lat'>1.</span> 
     </span>
    </p>

    <p class='ocr_par' dir='ltr' id='par_1_26' title="bbox 102 3772 743 3929">
     <span class='ocr_line' id='line_1_36' title="bbox 198 3772 741 3841; baseline 0 -16"><span class='ocrx_word' id='word_1_270' title='bbox 198 3774 224 3827; x_wconf 84' lang='lat'>3.</span> <span class='ocrx_word' id='word_1_271' title='bbox 244 3772 284 3825; x_wconf 80' lang='lat' dir='ltr'>sic</span> <span class='ocrx_word' id='word_1_272' title='bbox 303 3772 385 3825; x_wconf 78' lang='lat' dir='ltr'>baias</span> <span class='ocrx_word' id='word_1_273' title='bbox 411 3813 443 3827; x_wconf 88' lang='lat'>..</span> <span class='ocrx_word' id='word_1_274' title='bbox 464 3814 470 3827; x_wconf 93' lang='lat'>.</span> <span class='ocrx_word' id='word_1_275' title='bbox 496 3772 620 3841; x_wconf 68' lang='lat' dir='ltr'>dignitas</span> <span class='ocrx_word' id='word_1_276' title='bbox 642 3773 741 3827; x_wconf 77' lang='lat' dir='ltr'>tacom-</span> 
     </span>
     <span class='ocr_line' id='line_1_37' title="bbox 102 3858 743 3929; baseline 0.005 -18"><span class='ocrx_word' id='word_1_277' title='bbox 102 3881 105 3886; x_wconf 94' lang='lat'>·</span> <span class='ocrx_word' id='word_1_278' title='bbox 160 3858 240 3912; x_wconf 81' lang='lat' dir='ltr'>arado</span> <span class='ocrx_word' id='word_1_279' title='bbox 264 3865 371 3925; x_wconf 82' lang='lat' dir='ltr'>accepto</span> <span class='ocrx_word' id='word_1_280' title='bbox 398 3860 430 3912; x_wconf 81' lang='lat' dir='ltr'>ia</span> <span class='ocrx_word' id='word_1_281' title='bbox 458 3859 515 3912; x_wconf 77' lang='lat' dir='ltr'>dica</span> <span class='ocrx_word' id='word_1_282' title='bbox 538 3866 670 3929; x_wconf 78' lang='lat' dir='ltr'>cupetur,</span> <span class='ocrx_word' id='word_1_283' title='bbox 698 3862 743 3914; x_wconf 92' lang='lat' dir='ltr'>ein</span> 
     </span>
    </p>
   </div>
   <div class='ocr_carea' id='block_1_6' title="bbox 160 3947 767 4003">
    <p class='ocr_par' dir='ltr' id='par_1_27' title="bbox 160 3947 767 4003">
     <span class='ocr_line' id='line_1_38' title="bbox 160 3947 767 4003; baseline 0 -2"><span class='ocrx_word' id='word_1_284' title='bbox 160 3947 248 4001; x_wconf 85' lang='lat' dir='ltr'>hahes</span> <span class='ocrx_word' id='word_1_285' title='bbox 278 3947 337 4001; x_wconf 86' lang='lat' dir='ltr'>Lob</span> <span class='ocrx_word' id='word_1_286' title='bbox 365 3947 467 4003; x_wconf 71' lang='lat' dir='ltr'>Casars</span> <span class='ocrx_word' id='word_1_287' title='bbox 504 3948 548 4001; x_wconf 82' lang='lat' dir='ltr'>lar</span> <span class='ocrx_word' id='word_1_288' title='bbox 579 3948 632 4002; x_wconf 88' lang='lat' dir='ltr'>den</span> <span class='ocrx_word' id='word_1_289' title='bbox 662 3952 767 4002; x_wconf 78' lang='lat' dir='ltr'>uner-¹</span> 
     </span>
    </p>
   </div>
   <div class='ocr_carea' id='block_1_7' title="bbox 161 4034 743 4201">
    <p class='ocr_par' dir='ltr' id='par_1_28' title="bbox 161 4034 743 4201">
     <span class='ocr_line' id='line_1_39' title="bbox 161 4034 743 4103; baseline 0.003 -16"><span class='ocrx_word' id='word_1_290' title='bbox 161 4034 743 4103; x_wconf 85' lang='lat' dir='ltr'>schrockenenVerteidigerdernationalen</span> 
     </span>
     <span class='ocr_line' id='line_1_40' title="bbox 162 4120 743 4201; baseline 0.007 -28"><span class='ocrx_word' id='word_1_291' title='bbox 162 4120 407 4201; x_wconf 78' lang='lat' dir='ltr'>Selbstdndigkeit,</span> <span class='ocrx_word' id='word_1_292' title='bbox 436 4124 484 4177; x_wconf 85' lang='lat' dir='ltr'>der</span> <span class='ocrx_word' id='word_1_293' title='bbox 513 4123 600 4177; x_wconf 84' lang='lat' dir='ltr'>selbet</span> <span class='ocrx_word' id='word_1_294' title='bbox 621 4124 683 4177; x_wconf 87' lang='lat' dir='ltr'>eine</span> <span class='ocrx_word' id='word_1_295' title='bbox 701 4139 743 4177; x_wconf 86' lang='lat' dir='ltr'>er-</span> 
     </span>
    </p>
   </div>
   <div class='ocr_carea' id='block_1_8' title="bbox 794 2984 1421 4191">
    <p class='ocr_par' dir='ltr' id='par_1_29' title="bbox 794 2984 1421 3323">
     <span class='ocr_line' id='line_1_41' title="bbox 795 2984 1373 3052; baseline -0.003 -14"><span class='ocrx_word' id='word_1_296' title='bbox 795 2986 844 3039; x_wconf 91' lang='lat' dir='ltr'>mit</span> <span class='ocrx_word' id='word_1_297' title='bbox 862 2986 890 3038; x_wconf 94' lang='lat' dir='ltr'>in</span> <span class='ocrx_word' id='word_1_298' title='bbox 910 3000 985 3052; x_wconf 84' lang='lat' dir='ltr'>spem</span> <span class='ocrx_word' id='word_1_299' title='bbox 998 2986 1145 3038; x_wconf 85' lang='lat' dir='ltr'>veniebant</span> <span class='ocrx_word' id='word_1_300' title='bbox 1164 3000 1198 3036; x_wconf 80' lang='lat' dir='ltr'>au</span> <span class='ocrx_word' id='word_1_301' title='bbox 1210 2984 1373 3045; x_wconf 82' lang='lat' dir='ltr'>verbinden3</span> 
     </span>
     <span class='ocr_line' id='line_1_42' title="bbox 794 3071 1374 3140; baseline -0.007 -13"><span class='ocrx_word' id='word_1_302' title='bbox 794 3072 828 3129; x_wconf 82' lang='lat' dir='ltr'>ci.</span> <span class='ocrx_word' id='word_1_303' title='bbox 849 3073 973 3140; x_wconf 89' lang='lat' dir='ltr'>dagegen</span> <span class='ocrx_word' id='word_1_304' title='bbox 992 3073 1076 3126; x_wconf 56' lang='lat' dir='ltr'>cjl2.</span> <span class='ocrx_word' id='word_1_305' title='bbox 1097 3075 1112 3125; x_wconf 85' lang='lat'>5</span> <span class='ocrx_word' id='word_1_306' title='bbox 1132 3072 1159 3125; x_wconf 93' lang='lat' dir='ltr'>in</span> <span class='ocrx_word' id='word_1_307' title='bbox 1179 3087 1256 3139; x_wconf 89' lang='lat' dir='ltr'>spem</span> <span class='ocrx_word' id='word_1_308' title='bbox 1275 3071 1374 3125; x_wconf 87' lang='lat' dir='ltr'>auxilii</span> 
     </span>
     <span class='ocr_line' id='line_1_43' title="bbox 794 3159 1374 3222; baseline -0.003 -9"><span class='ocrx_word' id='word_1_309' title='bbox 794 3168 934 3215; x_wconf 85' lang='lat' dir='ltr'>venerunt.</span> <span class='ocrx_word' id='word_1_310' title='bbox 948 3178 982 3198; x_wconf 40' lang='grc' dir='ltr'><strong>ὲ</strong></span> <span class='ocrx_word' id='word_1_311' title='bbox 995 3165 1088 3213; x_wconf 86' lang='lat' dir='ltr'>castra</span> <span class='ocrx_word' id='word_1_312' title='bbox 1100 3159 1214 3222; x_wconf 77' lang='lat' dir='ltr'>munire,</span> <span class='ocrx_word' id='word_1_313' title='bbox 1233 3159 1291 3213; x_wconf 89' lang='lat' dir='ltr'>scil.</span> <span class='ocrx_word' id='word_1_314' title='bbox 1305 3160 1374 3212; x_wconf 87' lang='lat' dir='ltr'>nach</span> 
     </span>
     <span class='ocr_line' id='line_1_44' title="bbox 796 3249 1421 3323; baseline -0.005 -22"><span class='ocrx_word' id='word_1_315' title='bbox 796 3249 945 3303; x_wconf 85' lang='lat' dir='ltr'>rbmischer</span> <span class='ocrx_word' id='word_1_316' title='bbox 963 3250 1022 3301; x_wconf 86' lang='lat' dir='ltr'>Art.</span> <span class='ocrx_word' id='word_1_317' title='bbox 1417 3316 1421 3323; x_wconf 30' lang='grc' dir='ltr'>ι</span> 
     </span>
    </p>

    <p class='ocr_par' dir='ltr' id='par_1_30' title="bbox 795 3335 1375 4003">
     <span class='ocr_line' id='line_1_45' title="bbox 830 3335 1374 3400; baseline -0.009 -8"><span class='ocrx_word' id='word_1_318' title='bbox 830 3336 876 3392; x_wconf 79' lang='grc'><strong>31.</strong></span> <span class='ocrx_word' id='word_1_319' title='bbox 916 3341 937 3389; x_wconf 91' lang='grc'><strong>1.</strong></span> <span class='ocrx_word' id='word_1_320' title='bbox 957 3336 1049 3388; x_wconf 73' lang='lat' dir='ltr'>aalma</span> <span class='ocrx_word' id='word_1_321' title='bbox 1062 3335 1218 3400; x_wconf 82' lang='lat' dir='ltr'>laborabat,</span> <span class='ocrx_word' id='word_1_322' title='bbox 1230 3336 1268 3389; x_wconf 88' lang='lat' dir='ltr'>im</span> <span class='ocrx_word' id='word_1_323' title='bbox 1281 3335 1374 3390; x_wconf 88' lang='lat' dir='ltr'>Geiste</span> 
     </span>
     <span class='ocr_line' id='line_1_46' title="bbox 796 3422 1374 3478; baseline -0.003 -1"><span class='ocrx_word' id='word_1_324' title='bbox 796 3425 855 3478; x_wconf 86' lang='lat' dir='ltr'>sich</span> <span class='ocrx_word' id='word_1_325' title='bbox 873 3424 1010 3477; x_wconf 83' lang='lat' dir='ltr'>abmdhen</span> <span class='ocrx_word' id='word_1_326' title='bbox 1030 3423 1055 3477; x_wconf 91' lang='lat' dir='ltr'>d.</span> <span class='ocrx_word' id='word_1_327' title='bbox 1074 3424 1100 3477; x_wconf 94' lang='lat' dir='ltr'>h.</span> <span class='ocrx_word' id='word_1_328' title='bbox 1115 3424 1174 3476; x_wconf 88' lang='lat' dir='ltr'>sein</span> <span class='ocrx_word' id='word_1_329' title='bbox 1186 3422 1308 3477; x_wconf 83' lang='lat' dir='ltr'>Dichten</span> <span class='ocrx_word' id='word_1_330' title='bbox 1320 3422 1374 3476; x_wconf 86' lang='lat' dir='ltr'>und</span> 
     </span>
     <span class='ocr_line' id='line_1_47' title="bbox 796 3510 1374 3573; baseline -0.003 -10"><span class='ocrx_word' id='word_1_331' title='bbox 796 3511 933 3565; x_wconf 84' lang='lat' dir='ltr'>Trachten</span> <span class='ocrx_word' id='word_1_332' title='bbox 954 3510 1054 3564; x_wconf 88' lang='lat' dir='ltr'>darauf</span> <span class='ocrx_word' id='word_1_333' title='bbox 1074 3511 1194 3573; x_wconf 83' lang='lat' dir='ltr'>richten3</span> <span class='ocrx_word' id='word_1_334' title='bbox 1223 3511 1316 3565; x_wconf 83' lang='lat' dir='ltr'>animo</span> <span class='ocrx_word' id='word_1_335' title='bbox 1339 3512 1374 3564; x_wconf 87' lang='lat' dir='ltr'>ist</span> 
     </span>
     <span class='ocr_line' id='line_1_48' title="bbox 795 3598 1375 3666; baseline 0 -15"><span class='ocrx_word' id='word_1_336' title='bbox 795 3598 921 3653; x_wconf 86' lang='lat' dir='ltr'>derselbe</span> <span class='ocrx_word' id='word_1_337' title='bbox 949 3599 1042 3655; x_wconf 74' lang='lat' dir='ltr'>ablat.</span> <span class='ocrx_word' id='word_1_338' title='bbox 1067 3602 1117 3653; x_wconf 84' lang='lat' dir='ltr'>wie</span> <span class='ocrx_word' id='word_1_339' title='bbox 1145 3614 1168 3652; x_wconf 92' lang='lat' dir='ltr'>c.</span> <span class='ocrx_word' id='word_1_340' title='bbox 1195 3602 1240 3653; x_wconf 88' lang='grc'>47.</span> <span class='ocrx_word' id='word_1_341' title='bbox 1268 3604 1287 3665; x_wconf 48' lang='grc'>1,</span> <span class='ocrx_word' id='word_1_342' title='bbox 1303 3599 1375 3666; x_wconf 90' lang='lat' dir='ltr'>quod</span> 
     </span>
     <span class='ocr_line' id='line_1_49' title="bbox 795 3686 1374 3753; baseline -0.002 -14"><span class='ocrx_word' id='word_1_343' title='bbox 795 3686 886 3741; x_wconf 88' lang='lat' dir='ltr'>animo</span> <span class='ocrx_word' id='word_1_344' title='bbox 910 3696 1096 3753; x_wconf 87' lang='lat' dir='ltr'>proposuerat</span> <span class='ocrx_word' id='word_1_345' title='bbox 1121 3702 1143 3740; x_wconf 88' lang='lat' dir='ltr'>c.</span> <span class='ocrx_word' id='word_1_346' title='bbox 1168 3689 1211 3740; x_wconf 82' lang='lat'>53.</span> <span class='ocrx_word' id='word_1_347' title='bbox 1239 3691 1253 3739; x_wconf 97' lang='lat'>1</span> <span class='ocrx_word' id='word_1_348' title='bbox 1287 3686 1374 3739; x_wconf 90' lang='lat' dir='ltr'>animo</span> 
     </span>
     <span class='ocr_line' id='line_1_50' title="bbox 796 3774 1373 3841; baseline -0.003 -14"><span class='ocrx_word' id='word_1_349' title='bbox 796 3782 1028 3841; x_wconf 88' lang='lat' dir='ltr'>permoverentur.</span> <span class='ocrx_word' id='word_1_350' title='bbox 1047 3803 1081 3812; x_wconf 89' lang='lat'>-</span> <span class='ocrx_word' id='word_1_351' title='bbox 1100 3774 1255 3839; x_wconf 82' lang='lat' dir='ltr'>alliciebat,</span> <span class='ocrx_word' id='word_1_352' title='bbox 1276 3775 1373 3841; x_wconf 89' lang='lat' dir='ltr'>imper-</span> 
     </span>
     <span class='ocr_line' id='line_1_51' title="bbox 796 3860 1373 3929; baseline 0 -15"><span class='ocrx_word' id='word_1_353' title='bbox 796 3860 898 3915; x_wconf 82' lang='lat' dir='ltr'>fectum</span> <span class='ocrx_word' id='word_1_354' title='bbox 917 3861 951 3915; x_wconf 92' lang='lat' dir='ltr'>de</span> <span class='ocrx_word' id='word_1_355' title='bbox 969 3870 1080 3929; x_wconf 89' lang='lat' dir='ltr'>conatu,</span> <span class='ocrx_word' id='word_1_356' title='bbox 1099 3861 1132 3915; x_wconf 88' lang='grc' dir='ltr'>Ε.</span> <span class='ocrx_word' id='word_1_357' title='bbox 1146 3860 1173 3915; x_wconf 87' lang='lat' dir='ltr'>S.</span> <span class='ocrx_word' id='word_1_358' title='bbox 1186 3864 1239 3915; x_wconf 88' lang='grc'>218</span> <span class='ocrx_word' id='word_1_359' title='bbox 1258 3863 1337 3929; x_wconf 84' lang='grc' dir='ltr'>Αιιιιι.</span> <span class='ocrx_word' id='word_1_360' title='bbox 1350 3866 1373 3914; x_wconf 95' lang='grc'><strong>2.</strong></span> 
     </span>
     <span class='ocr_line' id='line_1_52' title="bbox 798 3948 1129 4003; baseline -0.003 -1"><span class='ocrx_word' id='word_1_361' title='bbox 798 3948 823 4002; x_wconf 89' lang='lat' dir='ltr'>S.</span> <span class='ocrx_word' id='word_1_362' title='bbox 845 3950 888 4002; x_wconf 92' lang='lat' dir='ltr'>W.</span> <span class='ocrx_word' id='word_1_363' title='bbox 909 3949 1129 4003; x_wconf 70' lang='lat' dir='ltr'>mauzaca</span> 
     </span>
    </p>

    <p class='ocr_par' dir='ltr' id='par_1_31' title="bbox 798 4034 1374 4191">
     <span class='ocr_line' id='line_1_53' title="bbox 832 4034 1374 4101; baseline -0.004 -12"><span class='ocrx_word' id='word_1_364' title='bbox 832 4041 856 4089; x_wconf 85' lang='lat'>2.</span> <span class='ocrx_word' id='word_1_365' title='bbox 877 4035 953 4088; x_wconf 80' lang='lat' dir='ltr'>Huic</span> <span class='ocrx_word' id='word_1_366' title='bbox 971 4034 1012 4089; x_wconf 81' lang='lat' dir='ltr'>rei</span> <span class='ocrx_word' id='word_1_367' title='bbox 1029 4037 1067 4089; x_wconf 84' lang='lat' dir='ltr'>ist</span> <span class='ocrx_word' id='word_1_368' title='bbox 1086 4034 1161 4091; x_wconf 92' lang='lat' dir='ltr'>nicht</span> <span class='ocrx_word' id='word_1_369' title='bbox 1181 4035 1231 4089; x_wconf 87' lang='lat' dir='ltr'>mit</span> <span class='ocrx_word' id='word_1_370' title='bbox 1250 4036 1374 4101; x_wconf 83' lang='lat' dir='ltr'>idoneus,</span> 
     </span>
     <span class='ocr_line' id='line_1_54' title="bbox 798 4123 1374 4191; baseline -0.002 -14"><span class='ocrx_word' id='word_1_371' title='bbox 798 4124 916 4178; x_wconf 90' lang='lat' dir='ltr'>sondern</span> <span class='ocrx_word' id='word_1_372' title='bbox 935 4125 985 4177; x_wconf 91' lang='lat' dir='ltr'>mit</span> <span class='ocrx_word' id='word_1_373' title='bbox 1004 4124 1144 4191; x_wconf 86' lang='lat' dir='ltr'>deligebat</span> <span class='ocrx_word' id='word_1_374' title='bbox 1167 4138 1200 4176; x_wconf 85' lang='lat' dir='ltr'>zu</span> <span class='ocrx_word' id='word_1_375' title='bbox 1218 4123 1374 4188; x_wconf 86' lang='lat' dir='ltr'>verbindcn,</span> 
     </span>
    </p>
   </div>
   <div class='ocr_carea' id='block_1_9' title="bbox 162 4208 1328 4279">
    <p class='ocr_par' dir='ltr' id='par_1_32' title="bbox 162 4208 1328 4279">
     <span class='ocr_line' id='line_1_55' title="bbox 162 4208 1328 4279; baseline 0.004 -19"><span class='ocrx_word' id='word_1_376' title='bbox 162 4208 744 4278; x_wconf 83' lang='lat' dir='ltr'>litteneNiederlageausbeutet‚unrseinen</span> <span class='ocrx_word' id='word_1_377' title='bbox 799 4211 833 4266; x_wconf 83' lang='lat' dir='ltr'>cf.</span> <span class='ocrx_word' id='word_1_378' title='bbox 852 4228 875 4265; x_wconf 93' lang='lat' dir='ltr'>c.</span> <span class='ocrx_word' id='word_1_379' title='bbox 897 4216 937 4266; x_wconf 82' lang='lat'>15.</span> <span class='ocrx_word' id='word_1_380' title='bbox 957 4215 982 4265; x_wconf 89' lang='grc'><strong>6.</strong></span> <span class='ocrx_word' id='word_1_381' title='bbox 1002 4226 1158 4279; x_wconf 82' lang='lat' dir='ltr'>-capere,</span> <span class='ocrx_word' id='word_1_382' title='bbox 1177 4212 1328 4279; x_wconf 84' lang='lat' dir='ltr'>gewinnen.</span> 
     </span>
    </p>
   </div>
   <div class='ocr_carea' id='block_1_10' title="bbox 0 0 1479 4750">
    <p class='ocr_par' dir='ltr' id='par_1_33' title="bbox 0 0 1479 4750">
     <span class='ocr_line' id='line_1_56' title="bbox 0 0 1479 4750; baseline 0 0"><span class='ocrx_word' id='word_1_383' title='bbox 0 0 1479 4750; x_wconf 95' lang='lat' dir='ltr'> </span> 
     </span>
    </p>
   </div>
  </div>
 </body>
</html>
