2934 4750
146 203 186 264 76
616 215 748 271 ueneno
767 216 882 275 ιιιιιιοο.

197 356 338 438 pertinet
360 355 550 438 milibusque
578 357 715 440 amplius
742 357 924 439 quingentis
948 359 980 424 in
1003 358 1234 442 longitudinem
1258 363 1360 442 petet,

196 463 233 531 L.
257 462 431 528 Minucium
453 461 596 528 Basilum
623 482 695 528 cum
726 465 813 530 omni
836 464 982 544 equitatu
1005 465 1197 547 praemittit,
1229 466 1257 532 si
1284 465 1361 547 quid

197 568 362 634 celeritate
384 567 508 633 itineris
530 575 628 650 atque
643 569 885 652 opportunitate
901 571 1053 652 temporis
1068 568 1224 653 proficere
1239 576 1361 653 posset;

163 687 179 736 5
197 681 314 753 monet,
338 680 376 738 ut
397 674 486 754 ignes
509 674 671 740 incastris
694 673 763 741 fieri
779 674 956 757 prohibeat,
979 694 1019 741 ne
1042 677 1188 758 quastus
1204 677 1361 742 adrentus

197 779 308 862 procul
330 777 516 860 significatio
538 778 611 862 fiat;
634 798 706 846 sese
728 779 892 847 oonleotim
915 781 1064 864 subsequi
1088 782 1173 848 dicit.

164 900 177 948 1
223 951 228 961 ,
286 891 336 951 30.
390 885 535 967 Besilus,
569 894 606 951 ut
637 887 830 968 imperatum
861 894 926 968 est,
958 886 1044 954 lacit.
1102 885 1256 953 Celeriter
1287 905 1362 953 eon·

197 996 311 1072 traque
344 992 482 1056 omnium
515 993 696 1074 opinionem
728 992 872 1059 conlecto
901 993 1017 1060 itinere
1053 993 1170 1060 multos
1205 994 1237 1059 in
1274 993 1363 1076 agris

197 1098 398 1179 inopinantes
422 1096 645 1179 deprehendit:
680 1117 788 1164 eorum
818 1099 933 1165 indicio
955 1099 996 1164 ad
1019 1100 1122 1182 ipsum
1146 1098 1362 1182 Ambiorigem

197 1203 373 1282 contendit,
405 1222 468 1284 quo
498 1204 530 1268 in
560 1203 629 1270 loeo
658 1223 729 1270 cum
757 1205 868 1287 pontis
895 1206 1054 1286 equitibus
1082 1223 1153 1270 csse
1181 1204 1361 1272 dicebatur.

162 1323 179 1374 2
198 1307 332 1374 Multum
356 1327 428 1375 eum
455 1309 488 1374 in
511 1310 656 1376 omnibns
679 1312 775 1376 rebus
797 1317 865 1376 tum
895 1312 927 1376 in
955 1329 990 1376 re
1013 1311 1143 1375 militari
1166 1315 1275 1392 potest
1296 1308 1363 1376 lor-

198 1423 285 1481 tuna.
333 1414 413 1479 Nam
428 1423 465 1480 ut
480 1435 594 1496 magno
610 1416 727 1482 accidit
749 1434 834 1496 casu,
858 1417 943 1482 utin
958 1417 1061 1498 ipsnm
1077 1417 1239 1483 incautum
1263 1417 1363 1482 etism

198 1527 295 1602 atque
311 1520 502 1601 imparatum
519 1522 685 1601 incideret,
702 1523 854 1604 priusque
870 1523 937 1586 eius
953 1521 1110 1587 aduentus
1126 1521 1168 1586 ab
1179 1520 1364 1587 hominibus

198 1628 375 1705 rideretur,
407 1644 501 1707 quarn
525 1625 612 1692 fama
633 1646 671 1692 ac
693 1628 823 1692 nuntius
846 1625 1040 1706 adferretnr,
1071 1627 1118 1692 sic
1145 1645 1279 1709 magnae
1302 1626 1365 1692 luit

199 1733 345 1799 fortunae
368 1734 454 1798 omni
479 1732 609 1798 militari
632 1735 861 1812 instrumento,
893 1734 976 1814 quod
1007 1733 1125 1798 circum
1155 1749 1190 1798 se
1213 1731 1364 1814 habebat,

198 1843 324 1920 erepto,
356 1838 460 1904 raedis
482 1840 634 1920 equisque
658 1839 893 1920 comprehensis
923 1840 1027 1920 ipsum
1052 1835 1192 1920 effugere
1214 1843 1362 1906 mortem.

164 1957 180 2008 a
199 1943 260 2011 Sed
277 1945 336 2010 boc
359 1963 397 2009 eo
412 1942 532 2010 lactum
555 1952 614 2023 est,
639 1944 724 2026 quod
741 1943 885 2010 aedificio
902 1943 1097 2009 circumdato
1120 1942 1211 2022 silua,
1235 1949 1271 2008 ut
1286 1950 1364 2010 sunt

198 2050 264 2116 lere
289 2049 447 2114 domicilia
470 2049 650 2129 Gallorum,
677 2051 733 2132 qui
764 2050 885 2116 vitandi
916 2054 1025 2114 aestus
1058 2067 1153 2114 causa
1176 2049 1363 2132 plerumque

198 2156 350 2221 silvarum
381 2174 420 2221 ac
447 2153 610 2220 fluminum
632 2162 746 2238 petunt
775 2156 1042 2238 propinquitates,
1073 2155 1204 2220 comites
1226 2153 1361 2221 familia·

199 2279 313 2342 resque
337 2261 404 2326 eius
427 2269 562 2342 angusto
586 2264 618 2326 in
642 2262 712 2327 loco
735 2261 897 2344 paulisper
928 2262 1069 2342 equiturn
1093 2265 1275 2325 nostrorum
1298 2263 1357 2325 rim

163 2378 179 2428 4
199 2368 428 2435 sustinuerunt.
475 2367 534 2432 llis
550 2366 765 2449 pugnantibus
788 2367 876 2433 illum
900 2368 932 2432 in
949 2385 1063 2449 equum
1087 2365 1217 2448 quidam
1241 2386 1281 2433 cx
1296 2367 1360 2433 suis

198 2473 320 2539 intulit:
343 2470 518 2554 lugientem
540 2474 640 2539 silvae
662 2480 821 2541 texerunt.
868 2472 920 2540 Sic
943 2480 976 2540 et
998 2473 1040 2539 ad
1056 2473 1253 2539 subeundum
1278 2474 1362 2556 peri-

198 2580 303 2645 cnlum
327 2580 422 2643 etad
445 2578 610 2643 uitandum
635 2578 769 2643 multum
792 2578 919 2645 somnne
941 2579 1049 2644 valuit

165 2697 176 2745 ι
288 2689 338 2750 31.
387 2683 547 2749 Ambiorix
570 2685 676 2766 copias
700 2702 774 2749 suas
798 2684 954 2751 indicione
977 2702 1039 2757 non
1056 2683 1253 2763 conduxerit,
1277 2684 1363 2765 quod

198 2790 319 2872 proelio
349 2789 562 2854 dimicandum
587 2809 648 2856 non
678 2792 890 2871 existimaret,
918 2810 958 2855 sn
981 2797 1123 2871 ternpore
1153 2789 1299 2855 exclusus
1330 2799 1363 2856 et

145 2964 178 3020 V.
191 2970 216 3021 3.
228 2969 253 3019 4.
267 2996 301 3004 —
319 2965 344 3019 si
357 2972 494 3033 posset
515 2966 592 3034 ,ob“,
610 2966 645 3021 ol.
659 2966 726 3021 RS.
817 2970 840 3021 3.
855 2965 1087 3033 propinquitates,
1107 2963 1176 3018 tiber
1195 2963 1248 3018 den
1266 2963 1363 3019 Plural
1386 2974 1389 2991 ¹

145 3056 206 3108 281.
226 3054 251 3108 2.
270 3059 348 3109 Αιιιιι.
367 3055 394 3108 S.
412 3055 456 3112 W.
477 3058 536 3108 166.
554 3058 570 3107 2
589 3054 654 3108 Zus.
781 3054 829 3109 des
853 3054 1012 3109 abstralrten
1032 3052 1124 3111 Subst.
1150 3052 1185 3107 el.
1208 3051 1255 3105 IV.
1276 3055 1320 3107 38.
1345 3056 1362 3106 2

181 3144 206 3196 b.
224 3158 279 3195 sese
297 3142 438 3208 confestim
451 3142 578 3210 subsequi
596 3142 675 3208 die-it,
694 3142 725 3199 c.
779 3150 895 3211 propter
915 3143 1056 3197 siccitates
1074 3141 1210 3209 paludum.

145 3231 181 3284 ist
207 3229 313 3284 bereits
340 3228 544 3297 aulgebroohen
573 3230 628 3284 und
655 3230 726 3299 lolgt
814 3232 839 3285 4.
852 3230 956 3297 intulit,
969 3246 1000 3285 er
1011 3228 1072 3283 hall
1078 3229 1134 3283 ihm
1144 3228 1205 3283 auls
1216 3227 1309 3295 Plerd,
1323 3228 1364 3282 in·

134 3318 199 3372 den
218 3319 469 3385 vorausgesandten
489 3318 619 3386 Reitern,
640 3317 726 3373 daher
780 3319 840 3374 dem
853 3336 883 3373 er
895 3320 949 3374 ihm
962 3325 1032 3372 statt
1044 3319 1120 3371 eines
1131 3316 1306 3385 Steigbbgels
1320 3316 1363 3371 die

147 3407 196 3460 der
215 3406 267 3459 Inl.
288 3406 380 3461 Praes.
779 3408 883 3463 Rechte
893 3407 949 3461 bot.
965 3436 998 3451 -ν
1014 3411 1039 3459 et
1052 3405 1090 3458 ad
1102 3402 1272 3458 subeundum
1286 3404 1363 3472 peri-

181 3494 228 3549 30.
250 3498 272 3548 1.
286 3510 339 3561 quo
356 3495 388 3547 io
406 3494 462 3547 loeo
472 3495 541 3549 =in
554 3511 614 3549 eum
627 3494 726 3563 locum,
779 3495 869 3549 culum
886 3500 912 3549 et
931 3495 968 3548 ad
980 3492 1132 3559 vitandum,
1153 3491 1201 3546 das
1215 3491 1305 3545 Gldclr
1318 3492 1364 3547 be-

145 3598 209 3651 quo.
779 3585 921 3651 gunstigte
947 3582 991 3635 dia
1017 3580 1244 3647 Unternehmung
1271 3594 1362 3647 gegen

181 3676 206 3725 2.
225 3671 346 3724 Medtum
364 3711 371 3724 .
390 3711 396 3724 .
413 3711 420 3724 .
435 3676 523 3738 potest
545 3674 669 3737 fortuna,
690 3669 724 3724 ef.
780 3672 921 3725 Ambiorix
948 3668 964 3739 ξ
989 3672 1014 3735 2,
1045 3667 1169 3735 zugleicb
1195 3668 1262 3721 aber
1289 3668 1363 3722 such

145 3760 170 3813 b.
190 3759 270 3815 Alex.
294 3763 329 3813 43
348 3758 476 3827 fortuna,
495 3774 565 3827 quae
583 3758 726 3827 plurimum
782 3760 880 3814 dessen
898 3758 1026 3824 Rettung.
1063 3756 1156 3809 Durch
1175 3755 1218 3809 die
1237 3754 1365 3823 Stellung

146 3849 174 3902 in
210 3847 289 3902 bellis
322 3853 421 3915 potest.
454 3846 561 3905 Cornel.
592 3847 726 3916 Thrasyb.
780 3846 888 3901 werden
904 3846 947 3900 die
966 3843 1063 3898 beiden
1083 3843 1174 3897 Verba
1192 3842 1363 3897 naebdrttclr·

148 3939 208 3990 1.4
233 3935 424 3990 nonnullaab
449 3936 614 4003 imperatore
639 3935 726 4001 miles,
780 3934 869 3989 lichcr
892 3932 1128 4001 berrorgehoben,
1154 3932 1188 3985 el.
1206 3928 1254 3985 lv,
1279 3934 1322 3988 33.
1347 3935 1364 3986 3

147 4023 267 4091 plurima
302 4040 367 4079 vero
394 4023 505 4077 fortuna
537 4025 665 4078 vindieat.
692 4053 725 4063 -
782 4038 833 4077 usu
853 4021 989 4075 cotidiano
1008 4027 1035 4075 et
1053 4019 1260 4075 exercitatione.

145 4127 244 4180 moeno
264 4154 270 4165 .
290 4153 296 4165 .
317 4155 323 4167 .
342 4128 407 4165 casu
421 4111 525 4180 ,durch
538 4114 617 4167 einen
629 4114 727 4168 beson·
815 4109 862 4164 31.
884 4114 908 4167 1.
920 4108 1040 4175 judicio,
1053 4108 1107 4162 abl.
1121 4122 1231 4172 causae,
1241 4106 1365 4161 welcher

148 4198 232 4253 deren
263 4199 380 4253 ansll“.
417 4230 450 4239 -
486 4201 580 4266 etiam,
617 4200 726 4255 zeitlicb
781 4197 842 4251 dem
861 4195 915 4249 abl.
929 4195 1002 4249 modi
1022 4196 1087 4251 sehr
1105 4194 1175 4249 nahe
1194 4194 1277 4261 steht,
1298 4195 1365 4262 „mit

149 4288 259 4354 ,nocb“.
781 4284 981 4353 Vorlredacht¹‘‚
999 4283 1034 4338 cf.
1053 4282 1086 4338 V.
1104 4285 1173 4340 213
1191 4288 1240 4337 aut
1255 4280 1365 4349 judicio
