2934 4750
525 227 625 282 comm.
645 227 690 282 vi.
714 229 828 281 42-44
1239 215 1279 274 87

157 374 209 434 44.
240 370 310 435 Tuli
324 370 416 436 modo
433 370 566 436 vastatis
581 370 764 452 regionibus
777 370 948 435 exercitum
961 369 1080 436 Caesar
1096 369 1228 435 duarum
1250 383 1262 432 1

49 475 247 542 cohortium
274 476 391 542 damno
413 478 663 542 Durocortorum
687 476 856 541 Remorum
883 475 1006 541 reducit
1036 476 1228 558 concilioque

45 583 89 646 in
118 601 195 647 eum
210 581 314 647 locum
331 581 456 648 Galliae
479 582 598 648 indicto
622 582 661 647 de
683 583 901 648 coniuratione
918 581 1078 647 Senonum
1102 588 1135 648 et
1150 579 1227 648 (lur-

49 692 180 752 nutum
203 689 421 769 quaestionem
442 688 560 755 habere
575 689 714 754 instituit
737 693 770 754 et
793 688 832 754 de
848 689 980 770 Accone,
1004 688 1058 770 qui
1080 689 1227 771 princeps
1246 701 1262 750 2

53 793 134 859 eius
151 793 276 859 consilii
291 793 405 874 inerat,
422 796 567 878 graviore
583 795 741 861 sententia
756 795 962 876 pronuntiata
973 811 1060 859 more
1073 795 1226 860 maiorum

54 899 256 982 supplicium
271 902 415 982 sumpsit.
451 900 601 968 Nonnulli
617 900 769 967 iudicium
785 902 876 966 veriti
892 900 1108 983 profugerunt.
1152 901 1226 978 Qui·
1245 910 1261 960 3

54 1005 126 1070 bus
151 1023 223 1071 cum
248 1024 333 1088 aquo
355 1012 451 1089 atque
473 1008 538 1089 igni
561 1006 785 1087 interdixisset,
815 1006 893 1072 duas
916 1007 1062 1089 regiones
1086 991 1227 1082 adfines

54 1111 295 1194 Treverorum,
332 1113 411 1179 duos
441 1113 474 1178 in
506 1114 717 1195 Lingonibus,
751 1132 806 1179 sex
837 1113 974 1195 reliquus
1003 1094 1036 1178 in
1067 1111 1226 1178 Senonum

55 1217 182 1284 finibus
212 1219 365 1302 Agedinci
394 1220 426 1284 in
460 1220 601 1286 hibernis
628 1220 792 1287 collocavit
822 1219 1044 1302 frumentoque
1077 1219 1227 1285 exercitui

56 1325 207 1407 proviso,
239 1330 275 1391 ut
296 1327 494 1409 instituerat,
526 1329 559 1393 in
582 1327 707 1394 Itulium
731 1328 773 1393 ad
796 1332 968 1394 conventus
992 1325 1132 1408 agendos
1154 1344 1226 1407 pro-

60 1429 171 1496 iectus
194 1436 251 1498 est.

281 1644 359 1729 Kap,
382 1647 430 1712 44,
701 1645 872 1713 enthauptet,
898 1643 932 1698 cl.
956 1643 1030 1697 VIII.
1054 1646 1096 1698 38.
1116 1646 1132 1698 ὁ
1157 1644 1226 1698 adeo
1250 1649 1280 1698 ut

701 1733 861 1787 verberibus
881 1733 1064 1787 exanimatum
1077 1747 1176 1800 corpus
1190 1733 1279 1786 securi

136 1783 272 1850 mm
289 1784 321 1838 ¹¹¹
338 1784 576 1841 mmmmm·
699 1820 839 1876 feriretur.

103 1909 152 1962 44.
172 1911 196 1962 1.
214 1907 322 1973 domno,
342 1908 395 1962 ubl.
414 1909 495 1977 modi,
515 1908 551 1963 cf.
570 1925 593 1964 c.
604 1913 646 1964 33.
736 1913 760 1964 3.
780 1909 811 1962 in
830 1908 1016 1978 Liuyoutbus,
1041 1909 1187 1976 gollisches
1207 1909 1279 1964 Vollr

66 1999 93 2048 5.
113 1995 149 2047 V.
167 1998 208 2049 46.
227 1999 243 2050 6
262 1996 430 2064 reipublicae
449 1999 598 2055 commodo.
614 2028 645 2036 -
699 1999 737 2053 im
757 1997 929 2066 Quellgebiet
948 1999 996 2052 der
1016 1997 1111 2064 Seine,
1135 1998 1232 2054 Marus
1251 2016 1278 2053 u.

64 2083 299 2150 Durocortorum,
318 2085 646 2153 HauptstudtderRemi,
700 2087 798 2154 Maus,
822 2086 961 2142 westliche
985 2087 1132 2142 Nuchburn
1158 2087 1207 2140 der
1231 2085 1278 2140 Se·

64 2171 646 2239 dasnenugeRhome-oecontoralioue
699 2191 815 2242 qnaner.
851 2205 885 2215 -
916 2174 1062 2244 Aoediuci,
1098 2175 1147 2229 des
1167 2176 1278 2243 heutige

61 2258 200 2314 Sentium
219 2267 244 2314 et
264 2260 425 2329 Carnutum,
445 2262 478 2317 cf.
497 2280 520 2317 c.
538 2266 564 2318 4.
699 2263 781 2332 Sens,
806 2264 849 2318 die
873 2264 1042 2332 Hauptstadt
1072 2265 1120 2319 der
1144 2263 1278 2332 Senonen,

101 2350 645 2420 2.moremoiorumsempliciumsunursit.
699 2352 801 2408 welche
824 2353 959 2409 zwischen
978 2353 1060 2423 Liger
1078 2353 1133 2408 und
1152 2353 1278 2409 Matrona

66 2438 119 2491 Die
132 2438 238 2492 Gallier
251 2441 385 2507 sprachen
399 2442 447 2496 das
462 2441 560 2510 Urteil,
579 2443 646 2497 aber
700 2443 835 2499 wohntcn.
854 2473 888 2482 -
907 2448 938 2496 ut
950 2443 1112 2497 instituerat
1122 2466 1155 2490 ==
1168 2452 1198 2497 ut
1211 2460 1278 2511 quo·

65 2527 110 2579 die
135 2526 304 2596 Bestrolung
330 2528 449 2598 eriolgte
474 2531 545 2584 noch
574 2529 646 2584 ulter
700 2532 790 2586 tunnis
816 2530 906 2587 iacere
927 2539 1083 2600 consuerat,
1105 2531 1139 2587 cl.
1158 2532 1190 2586 V.
1210 2533 1233 2585 1.
1255 2538 1278 2586 1.

62 2614 221 2668 romischer
240 2616 310 2671 Sitte
329 2618 353 2671 d.
368 2618 394 2671 h.
414 2618 464 2672 der
482 2617 648 2685 Delinqnent
701 2648 732 2658 -
754 2619 792 2673 ad
809 2625 954 2675 conuentus
972 2620 1099 2689 uoeudoc,
1117 2621 1279 2674 zurAbhal·

63 2702 159 2757 wurde
178 2719 212 2755 zu
231 2704 307 2759 Tolle
326 2706 469 2774 geprilgelt
496 2705 552 2759 und
575 2706 646 2759 donn
700 2715 768 2775 tnng
786 2724 837 2763 ron
858 2710 1078 2778 (lerichtstegen,
1098 2708 1132 2763 cl.
1151 2710 1172 2762 l.
1192 2710 1234 2764 54.
1253 2713 1277 2763 3.
