2934 4750
139 179 197 240 ‘34
623 187 666 243 De
684 188 759 244 bello
778 187 894 247 Gallico.

173 347 187 398 r
297 336 347 396 35.
378 331 449 410 Quo
476 334 644 413 praecepto
674 331 716 396 ab
745 331 784 396 iis
817 329 1055 414 diligentissime
1085 330 1265 410 observato,
1296 349 1368 398 cum

206 437 375 521 quaepiam
397 436 512 502 cohors
543 454 582 502 ex
611 435 689 501 orbe
718 441 900 503 excesserat
929 443 1025 520 atque
1056 437 1210 520 impetum
1240 436 1367 512 iecerat,

171 543 316 610 chastes
348 541 544 609 velocissime
575 540 785 625 refugiebant.
830 542 961 610 Interim
994 563 1063 610 eam
1097 548 1220 625 partem
1255 543 1370 608 nudari

171 663 336 713 successe
359 652 430 712 erat
452 652 486 711 et
506 647 548 712 ab
570 647 673 712 latere
694 652 806 730 aperto
828 647 894 713 tela
921 648 1026 730 recipi.
1072 647 1204 728 Rursus,
1236 667 1307 714 cum
1336 649 1394 736 in·

112 756 115 762 “
155 814 158 821 ,
206 773 277 820 eum
301 753 413 832 locum,
444 753 529 818 unde
552 758 643 818 erant
665 753 794 836 egressi,
828 754 946 820 reverti
976 761 1155 836 coeperant,
1185 761 1219 820 et
1249 754 1290 820 ab
1319 755 1371 835 iis,

206 860 260 942 qui
282 869 455 938 cesserant,
490 865 523 924 et
550 859 593 925 ab
623 859 673 938 iis,
703 859 757 940 qui
786 859 921 942 proximi
951 867 1116 942 steterant,
1147 860 1373 927 circumvenie-

171 965 339 1043 4hantur3
373 965 423 1030 sin
458 970 566 1030 autem
602 965 706 1030 locum
740 971 852 1030 tenere
883 965 1016 1046 vellent,
1052 984 1110 1032 neo
1137 967 1249 1032 virtuti
1278 967 1371 1033 locus

206 1071 453 1153 relinquebatur,
478 1089 580 1152 neque
602 1071 644 1136 ab
666 1075 759 1137 muta
774 1071 976 1138 multitudiue
992 1073 1136 1139 coniecta
1151 1073 1216 1139 tela
1232 1071 1370 1140 conferti

171 1193 188 1244 5
206 1179 308 1243 vitare
323 1182 480 1259 poterant.
520 1177 641 1242 Tamen
655 1181 705 1242 tot
727 1177 933 1244 incommodis
949 1175 1122 1244 conflictati
1138 1177 1245 1245 multis
1261 1178 1371 1244 uulne-

206 1283 295 1348 ribus
317 1283 453 1364 aooeptis
468 1283 662 1349 resistebant
683 1289 715 1348 et
737 1301 853 1366 magna
875 1291 966 1366 parte
990 1285 1054 1351 diei
1076 1291 1272 1368 cousumpta,
1297 1303 1371 1351 curn

205 1390 349 1472 aprima
372 1388 441 1454 luce
463 1389 504 1453 ad
527 1389 636 1455 horam
660 1394 804 1455 octavam
828 1396 1035 1472 pugnaretur,
1066 1390 1154 1471 nihil,
1183 1391 1268 1473 quod
1291 1390 1371 1472 ipsis

172 1509 189 1560 6
208 1501 292 1560 esset
307 1495 481 1576 iudignum,
507 1494 755 1561 committebant.
786 1495 866 1560 Turn
882 1495 917 1562 Τ.
935 1495 1111 1575 Balventio,
1135 1497 1189 1576 qui
1204 1499 1372 1579 superiore

207 1619 291 1666 auno
315 1601 450 1681 primum
472 1601 571 1681 pilum
587 1601 730 1679 duxerat,
753 1602 822 1666 viro
844 1600 920 1667 forti
943 1607 977 1667 et
999 1620 1134 1685 maguae
1157 1603 1371 1684 auctoritatis,

173 1720 189 1770 7
206 1713 376 1788 utrumque
390 1704 492 1770 femur
506 1706 635 1789 tragula
650 1707 812 1790 traicitur;
836 1706 875 1785 Q.
891 1707 1058 1789 Lucauius,
1082 1707 1223 1774 eiusdem
1239 1709 1370 1792 ordinis,

206 1811 377 1878 fortissime
392 1807 546 1894 pugnans,
570 1812 645 1877 dum
669 1814 884 1880 circumvento
907 1813 970 1880 filio
987 1815 1144 1895 subvenit,
1167 1813 1370 1895 interficitur3

171 1920 240 1984 eh.
266 1915 362 1982 Cotta
391 1917 516 2000 legatus
539 1936 647 1983 omnes
681 1919 826 1985 cohortes
849 1921 1038 2002 ordinesque
1062 1920 1235 1986 adhortans
1259 1921 1290 1987 in
1315 1921 1371 1986 ad·

206 2042 331 2089 versum
356 2043 391 2089 os
413 2022 512 2090 funda
534 2025 729 2090 vulneratur.

172 2144 187 2192 1
294 2134 346 2193 36.
377 2129 436 2194 His
464 2131 559 2196 rebus
590 2137 753 2212 permotus
784 2131 821 2210 Q.
849 2131 991 2196 Titurius
1022 2151 1094 2197 cum
1124 2129 1234 2213 procul
1262 2132 1371 2197 Ambi-

205 2235 325 2316 origem
356 2253 431 2300 suos
462 2235 682 2301 cohortantem
711 2239 936 2319 conspexisset,
966 2241 1172 2320 interpretem
1196 2257 1287 2303 suum
1312 2236 1366 2304 Gn.

207 2339 390 2422 Pompeium
405 2338 447 2404 ad
470 2359 543 2406 eum
565 2342 664 2407 mittit
686 2349 842 2425 rogatum,
867 2349 903 2409 ut
925 2343 985 2411 sibi
1009 2344 1223 2426 militibusque
1245 2347 1366 2425 parcat.

155 2498 295 2565 „dagegen
333 2498 495 2567 wiederum,
537 2501 732 2568 andrerseita“,
786 2516 809 2555 c.
820 2502 908 2570 ΒΜ..)
921 2502 997 2555 nicht
1008 2502 1113 2569 zeigen.
1131 2501 1189 2556 Der
1198 2499 1370 2569 Konjunktir

154 2588 255 2641 ebeuso
279 2603 303 2641 c.
326 2589 370 2641 35.
391 2590 416 2644 3.
447 2617 481 2626 -
511 2588 677 2656 rccipierttec,
704 2590 733 2643 in
787 2590 861 2644 steht
880 2591 908 2643 in
926 2590 986 2645 dem
998 2589 1247 2657 Konditioualsatz,
1266 2590 1326 2643 weil
1340 2604 1371 2644 er

153 2674 371 2731 kunditionalem
390 2676 481 2730 Siune.
500 2706 535 2717 -
787 2678 867 2732 keiue
887 2678 1059 2743 Thatsache,
1080 2678 1199 2733 sonderu
1219 2679 1280 2732 eine
1300 2678 1372 2733 Vor-

187 2765 235 2820 35.
257 2770 512 2832 l.cumcacesaerat,
523 2766 642 2832 iteratiu‚
653 2768 734 2821 eben·
789 2765 908 2833 stelluug
927 2765 1041 2820 enthdlt.

153 2869 186 2908 so
201 2854 217 2923 ξ
230 2858 246 2908 8
261 2870 322 2908 cum
392 2864 549 2924 coeperant,
568 2855 602 2909 ci.
615 2870 639 2909 e.
654 2859 696 2912 19.
707 2854 733 2909 2.
824 2857 849 2909 5.
871 2854 972 2908 Taurea
990 2856 1073 2923 zeigt,
1091 2855 1119 2908 in
1139 2854 1271 2909 walchem
1285 2853 1369 2908 Sinne

187 2944 212 2996 2.
238 2958 296 2997 eam
317 2948 427 3010 partera
449 2951 501 3000 etc.
542 2944 595 2998 Die
619 2944 733 2998 hervor·
789 2942 833 2997 die
856 2943 1005 3011 Participia
1026 2943 1131 2997 stehen.
1156 2972 1190 2981 -
1213 2942 1251 2994 ael
1275 2942 1373 2995 boram

153 3031 309 3087 brecheude
326 3030 450 3087 Kohorte
474 3049 530 3087 urar·
555 3034 632 3086 nieht
655 3033 735 3086 mehr
789 3036 919 3090 octauam.
939 3031 1064 3086 etwabis
1077 3030 1371 3097 nachmittags-2Uhr.

153 3119 239 3173 durch
263 3119 307 3174 dia
330 3121 365 3173 im
385 3120 470 3175 Gerre
494 3121 734 3176 uehenstehendeu
824 3122 850 3173 6.
863 3119 1058 3188 quisupera'ore
1070 3120 1271 3186 onooprimum
1280 3118 1372 3185 pilum

153 3207 297 3262 Kohorten
306 3208 431 3276 gedeckt,
444 3209 500 3263 und
514 3211 619 3264 kounte
630 3209 735 3263 auiser·
789 3205 915 3260 dacer-ot.
934 3206 1100 3274 Bolveutins,
1113 3208 1149 3260 im
1162 3208 1272 3275 rorigen
1282 3206 1371 3261 Jahre

152 3294 214 3349 dem
232 3289 270 3349 an
287 3296 336 3350 der
361 3286 415 3351 ron
439 3297 500 3352 dem
525 3298 635 3352 Schilde
657 3298 735 3351 nicht
789 3294 838 3349 der
850 3302 923 3349 erste
937 3294 1068 3349 Oenturio
1082 3295 1248 3362 derhegion,
1263 3295 1372 3349 scheint

153 3382 307 3449 gedeckteu
321 3384 346 3439 d.
365 3386 392 3440 h.
405 3386 454 3439 der
466 3386 580 3440 rechten
594 3386 669 3440 Seite
682 3401 736 3439 rou
785 3382 858 3450 jetzt
871 3382 912 3436 als
925 3390 1053 3437 evocatus
1067 3383 1092 3437 d.
1106 3384 1132 3437 h.
1145 3384 1187 3437 als
1200 3383 1370 3451 ireiwilliger

154 3472 205 3525 den
241 3472 365 3527 Feiudeu
408 3474 522 3541 hequem
566 3473 734 3528 beschossen
788 3472 908 3527 Veteran
921 3471 1111 3539 mitgelrdmplt
1124 3468 1159 3526 z'u
1172 3472 1271 3537 haben,
1288 3471 1370 3525 eheu·

155 3560 275 3615 werden.
789 3575 819 3614 so
838 3558 889 3625 §7
915 3559 945 3626 Q.
965 3559 1111 3614 Lucanius.
1130 3590 1165 3600 -
1188 3560 1311 3629 crapola,
1335 3560 1371 3614 cf.

189 3650 214 3702 3.
227 3647 352 3715 proximi
363 3648 494 3703 aunachst
514 3648 575 3705 d.h.
590 3666 623 3703 eu
635 3649 733 3704 beiden
788 3662 811 3701 c.
831 3650 873 3701 48.
894 3650 917 3701 7.

153 3736 248 3791 Seiten
275 3736 325 3789 der
351 3736 558 3805 augegriffeueu
586 3738 734 3805 Abteilung
823 3740 848 3790 7.
877 3734 907 3805 Q.
933 3735 1087 3801 Laconicas,
1112 3736 1229 3789 eiusdem
1253 3734 1369 3788 ordinis.

152 3825 202 3879 der
221 3824 332 3879 Feinde.
788 3824 846 3879 Der
865 3840 923 3892 gen.
945 3825 1000 3878 und
1014 3825 1097 3878 ablat.
1113 3824 1208 3892 qualit.
1220 3824 1369 3877 wirdauch

188 3916 213 3967 4.
231 3913 277 3965 ein
301 3917 392 3965 aulem
408 3912 495 3966 iocum
519 3918 608 3967 tmere
631 3913 733 3967 uellent.
788 3930 840 3967 rou
854 3913 950 3967 Cicero
964 3913 1104 3967 bisweilen
1117 3912 1293 3967 unmittelbar
1307 3911 1368 3965 dem

153 4001 243 4054 Wenn
263 4000 306 4053 die
318 4000 460 4056 Kohorten
472 4002 510 4055 im
523 4002 608 4057 Carne
626 4002 734 4055 blieben
788 4002 865 4055 Nom.
884 4017 963 4069 prop.
983 4000 1170 4069 hinnugeiilgt,
1195 4000 1231 4055 cf.
1250 4000 1270 4053 Ι.
1292 4002 1334 4055 18.
1354 4003 1370 4053 3

152 4104 178 4141 u.
192 4088 269 4142 nicht
281 4090 461 4158 rorbrachen,
475 4089 546 4144 danu
559 4091 680 4144 konnten
694 4090 734 4144 sie
789 4088 993 4157 Dumnoriqcm,
1013 4104 1116 4141 samolo
1134 4088 1263 4143 eudocia.
1282 4117 1316 4129 -
1335 4143 1338 4149 ,

152 4175 733 4247 ihrepersbnlicheTapierkeit,iuwelcher
822 4180 847 4231 8.
873 4177 905 4229 irc
930 4175 1073 4230 adversam
1095 4192 1125 4230 os
1149 4192 1238 4253 „guen
1253 4178 1296 4231 ins
1316 4177 1370 4231 Ge·

153 4264 195 4317 sie
207 4263 290 4318 allein
309 4265 369 4319 ihre
381 4266 501 4335 Rettung
513 4266 667 4321 erbliclrteu
686 4265 732 4335 (ci.
788 4266 886 4323 sicht“.
1135 4310 1154 4380 7
1162 4312 1193 4343 u
1200 4268 1254 4347 Μζ
1263 4256 1338 4359 sm(
