2934 4750
178 199 198 260 8
652 210 692 265 De
710 210 784 266 bello
804 209 919 266 Gallico.

230 351 309 418 fines
324 352 531 418 Treverorum
553 371 573 416 a
595 350 722 417 flumine
738 351 847 418 Rheno
864 353 904 416 ad
921 353 1042 418 initium
1059 352 1226 417 Remorum
1242 352 1394 434 pertinet,

197 458 350 528 abellam
373 476 486 539 parare
509 458 656 523 instituit.
694 457 757 523 Sed
780 462 987 541 posteaquam
1012 457 1153 524 nonnulli
1174 458 1338 540 principes
1362 476 1397 520 ex

232 582 270 630 ea
303 565 430 630 civitate
464 571 498 630 et
532 564 745 630 familiaritate
779 563 989 645 Cingetorigis
1024 564 1153 630 adducti
1186 570 1219 629 et
1252 563 1397 628 adventu

231 671 332 735 nostri
361 671 519 736 exercitus
548 670 710 752 perterriti
740 671 781 735 ad
811 670 979 736 Caesarem
1009 676 1165 736 venerunt
1193 675 1225 734 et
1256 669 1299 733 de
1333 669 1397 732 suis

231 777 498 857 privatimrebus
521 777 561 841 ab
583 795 621 841 eo
644 781 753 857 petere
775 781 961 858 coeperunt,
991 778 1138 857 quoniam
1168 775 1295 840 civitati
1326 791 1398 838 con·

231 861 336 947 solere
358 900 420 947 non
443 886 583 963 possent,
606 882 737 959 veritus,
761 900 801 946 ne
826 882 866 946 ab
889 881 1034 946 omnibus
1057 883 1270 960 desereretur,
1302 878 1398 943 Indu-

195 1004 212 1056 6
231 989 384 1053 liemarus
406 988 531 1069 legatos
554 987 596 1051 ad
612 985 781 1052 Caesarem
805 987 918 1052 mittit:
941 987 1015 1052 Sese
1038 987 1156 1052 idcirco
1178 986 1219 1052 ab
1241 987 1313 1050 suis
1338 985 1399 1048 dis-

231 1094 344 1158 cedere
366 1098 461 1173 atque
484 1093 526 1157 ad
548 1111 620 1157 eum
643 1093 750 1158 venire
773 1092 923 1172 noluisse,
948 1111 1008 1174 quo
1032 1091 1151 1157 facilius
1175 1091 1346 1156 civitatem
1369 1090 1400 1152 in

230 1197 333 1264 officio
357 1197 542 1275 contineret,
574 1216 613 1262 ne
643 1199 744 1264 omnis
767 1197 943 1264 nobilitatis
974 1199 1113 1262 discessu
1141 1197 1231 1279 plebs
1262 1200 1400 1278 propter

197 1323 214 1372 7
232 1305 476 1386 imprudentiam
493 1302 667 1369 laberetur:
690 1304 799 1385 itaque
816 1321 885 1368 esse
902 1303 1062 1368 civitatem
1085 1305 1117 1368 in
1140 1322 1199 1368 sna
1220 1307 1397 1384 potestate,

231 1428 372 1490 seseque,
402 1410 428 1472 si
458 1407 576 1473 Caesar
605 1409 812 1490 permitteret,
842 1410 884 1474 ad
914 1428 985 1473 eum
1015 1411 1046 1473 in
1077 1415 1183 1474 castra
1212 1415 1396 1484 venturum,
1451 1467 1452 1498 ,

231 1533 304 1580 suas
328 1515 529 1595 civitatisque
551 1512 695 1578 fortunas
718 1515 787 1578 eius
811 1512 884 1580 fidei
907 1515 1140 1595 permissurum.

199 1640 212 1688 1
320 1626 350 1686 4.
385 1620 512 1698 Caesar,
544 1621 605 1684 etsi
632 1619 845 1702 intellegebat,
869 1640 932 1703 qua
955 1621 994 1686 de
1016 1639 1115 1685 causa
1136 1639 1177 1684 ea
1199 1621 1394 1696 dicerentur,

232 1744 374 1807 quaeque
402 1744 473 1791 eum
502 1743 554 1790 res
584 1727 624 1790 ab
654 1727 801 1792 instituto
833 1727 961 1791 oonsilio
992 1727 1175 1804 deterreret,
1204 1731 1327 1804 tamen,
1358 1741 1396 1786 ne
1451 1745 1452 1830 q

232 1838 385 1897 aestatem
409 1833 442 1896 in
456 1831 601 1896 Treveris
624 1849 810 1897 consumere
834 1837 1000 1915 cogeretur
1015 1833 1158 1897 omnibus
1175 1831 1215 1896 ad
1232 1830 1395 1895 Britanni·
1451 1833 1452 1914 l

233 1957 302 2003 cum
333 1937 449 2003 bellum
477 1937 572 2002 rebus
601 1938 803 2019 comparatis,
833 1938 1083 2003 Indutiomarum
1114 1938 1155 2002 ad
1183 1956 1218 2002 se
1241 1955 1317 2002 cum
1342 1936 1395 1999 du-

196 2044 332 2110 ocentis
356 2044 516 2109 obsidibus
539 2045 647 2109 uenire
676 2044 778 2109 iussit.
826 2044 883 2108 His
914 2044 1069 2122 adductis,
1098 2044 1131 2108 in
1160 2045 1198 2108 iis
1227 2041 1293 2107 filio
1327 2058 1395 2122 pro·
1451 2061 1452 2150 r

231 2150 419 2231 pinquisque
435 2151 502 2214 eius
517 2149 671 2228 omnibus,
695 2167 774 2230 quos
790 2151 975 2215 nominatim
992 2156 1186 2226 evocaverat,
1212 2147 1395 2214 consolatus

198 2256 480 2324 olndutiomarum
509 2255 717 2336 hortatusque
749 2262 807 2335 est,
838 2257 886 2321 uti
915 2257 946 2319 in
978 2253 1078 2321 officio
1108 2261 1263 2332 maneret,
1301 2249 1395 2317 nihilo

233 2366 335 2425 tamen
359 2361 458 2426 setius
481 2361 676 2444 principibus
696 2361 906 2427 Treverorum
930 2361 1027 2427 adse
1051 2361 1229 2427 convocatis
1252 2360 1312 2425 hos
1337 2358 1395 2424 sin-

233 2465 367 2548 gillatim
384 2464 579 2549 Cingetorigi
596 2467 782 2548 conciliavit,
807 2469 890 2551 quod
914 2488 984 2533 cum
1008 2471 1120 2534 merito
1144 2469 1209 2532 eius
1234 2486 1252 2530 a
1278 2486 1314 2531 se
1330 2462 1396 2529 tieri

233 2571 447 2655 intellegebat,
472 2579 538 2637 tum
562 2574 671 2655 magni
686 2574 839 2640 interesse
856 2573 1072 2639 arbitrabatur
1088 2574 1156 2637 eius
1171 2574 1394 2638 auctoritatem

232 2678 316 2742 inter
338 2696 412 2743 suos
436 2697 531 2760 quam
554 2678 723 2761 plurimum
746 2680 862 2759 valere,
895 2682 983 2745 cuius
1013 2688 1079 2745 tam
1110 2681 1270 2762 egregiam
1302 2680 1335 2743 in
1365 2690 1396 2738 se

179 2853 256 2921 fiaes,
287 2854 364 2907 nicht
392 2853 515 2908 wbrtlich
544 2871 579 2907 zu
607 2856 761 2921 verstehen,
816 2870 882 2923 suge
901 2855 974 2909 eines
993 2855 1118 2909 sicherad
1139 2854 1267 2909 Geleitea
1285 2883 1316 2891 -
1331 2845 1394 2916 (ido

182 2957 266 3011 ,quer
285 2942 371 2997 durch
390 2941 439 2996 (188
457 2941 561 2997 Land“.
811 2943 1011 3011 permissurum
1024 2959 1073 3011 „zu
1085 2942 1188 2997 Ftllsen
1205 2940 1313 3009 legem,
1326 2941 1394 2992 Aus-

216 3066 240 3117 5.
260 3063 292 3117 de
306 3064 364 3117 suis
375 3065 508 3132 priuatim
517 3066 605 3121 rebus.
639 3067 694 3120 Das
707 3067 762 3121 Ad·

181 3153 313 3221 verbium,
332 3154 467 3207 zwischen
486 3154 613 3209 Pronum,
630 3170 657 3208 u.
669 3155 761 3209 Sabat.

181 3250 300 3308 gesetzt,
327 3242 439 3295 vertritt
457 3243 501 3295 ein
519 3242 631 3310 AdJelrt.
651 3243 685 3300 cf.
704 3243 763 3297 Liv.

182 3329 203 3383 1.
226 3332 268 3386 39.
297 3333 314 3383 3
342 3330 459 3396 ingentis
487 3330 595 3399 publice
622 3332 762 3398 privatim·

182 3432 235 3483 que
254 3416 375 3481 decoris3
396 3425 475 3472 sonat
493 3416 584 3473 finden
604 3419 662 3473 sich
675 3419 720 3473 bei
734 3419 763 3475 G.

182 3519 235 3556 nur
255 3503 373 3558 Adverb.
393 3504 440 3559 des
469 3504 598 3573 Raumes,
627 3507 675 3562 der
699 3509 763 3563 Zeit

181 3590 238 3645 und
269 3590 317 3645 des
345 3591 449 3647 Grades
482 3593 684 3649 attributiviscb
715 3598 764 3649 mit

182 3678 244 3733 dem
255 3678 344 3735 Subst.
363 3681 531 3735 verbunden.
556 3682 590 3735 cl.
608 3682 657 3738 III.
676 3686 718 3738 29.
740 3690 765 3740 1.

217 3806 243 3861 6.
270 3802 398 3871 decessu,
428 3805 478 3859 wie
505 3805 626 3860 adventu
652 3808 700 3860 ill.
720 3811 763 3863 23.

182 3893 199 3944 4
218 3891 344 3960 zugleich
368 3894 411 3946 ein
437 3894 604 3961 temporaler
624 3895 679 3949 und
697 3896 764 3950 kau-

183 3980 257 4034 saler
282 3981 374 4035 Ablat.
393 4011 426 4021 —
445 3980 590 4048 laberetur,
619 3983 678 4038 sich
705 3999 764 4037 ver·

182 4069 261 4137 gehe‚
281 4068 305 4128 d,
324 4070 350 4122 h.
368 4070 428 4125 hier
446 4069 556 4125 abfalle.

218 4175 244 4228 7.
261 4174 286 4227 aa'
300 4173 403 4230 Caesar
409 4177 587 4245 permitteret,
601 4178 628 4231 iu
643 4177 765 4233 derEiu·

184 4260 325 4332 willigung
344 4263 445 4319 Gasars
459 4265 504 4332 lag
515 4266 641 4334 augleicb
654 4266 698 4321 die
710 4266 766 4321 Zu-

818 3032 903 3087 druck
921 3031 965 3085 fiir
985 3032 1027 3085 die
1054 3029 1285 3099 bedingungslose
1307 3016 1393 3083 llber-

817 3120 899 3189 gabe;
930 3118 963 3173 cf.
984 3120 1018 3174 ll.
1037 3123 1061 3174 3.
1081 3122 1097 3173 2
1116 3120 1143 3173 in
1164 3117 1246 3172 fidem
1265 3124 1348 3186 atque
1367 3114 1394 3165 in

819 3214 984 3275 potestatem
1004 3250 1010 3263 .
1030 3247 1036 3261 .
1056 3208 1225 3275 permittere.

852 3298 881 3350 4.
917 3301 943 3351 2.
972 3295 1132 3363 consolatus,
1162 3295 1228 3349 dber
1257 3294 1316 3349 sein
1344 3286 1394 3345 und

817 3384 865 3438 der
885 3384 1013 3453 Seinigen
1033 3383 1181 3439 Schicksal.

852 3472 876 3527 3.
895 3473 944 3526 bos
962 3472 1071 3527 bezieht
1090 3472 1149 3526 sich
1162 3472 1212 3525 auf
1223 3472 1275 3527 den
1288 3469 1394 3525 verber·

816 3560 959 3631 gebenden
977 3560 1040 3615 Abl.
1059 3561 1154 3625 absol,
1183 3561 1232 3615 wie
1258 3556 1394 3613 bisweilen

817 3648 1047 3703 herocleos.
1068 3653 1092 3703 6.
1113 3649 1219 3703 vnce.
1240 3652 1254 3701 1
1274 3664 1300 3701 u.
1321 3652 1394 3700 b.-

817 3752 877 3791 cum
897 3778 902 3792 .
923 3778 929 3791 .
949 3742 1007 3791 tum
1026 3736 1183 3806 „einesteils
1202 3778 1229 3793 ..
1248 3734 1393 3789 besouders
1451 3760 1452 3780 i

818 3825 913 3889 aber“;
936 3825 1069 3879 demuaeh
1083 3842 1173 3881 waren
1185 3824 1228 3877 fdr
1239 3824 1267 3879 C.
1278 3822 1393 3889 weniger
1451 3890 1452 3897 ἵ

819 3914 867 3969 das
899 3914 1048 3969 Vendienst
1078 3913 1125 3967 dea
1153 3913 1324 3981 Cingetorix,
1354 3906 1393 3961 als
1451 3906 1452 4001 l

819 4001 952 4057 vielmebr
988 4003 1063 4065 aeine
1100 4003 1213 4071 eigenen
1243 4000 1393 4055 interesses
1451 4028 1452 4075 3

819 4089 1139 4158 malagebend.-cuius
1158 4130 1165 4143 .
1185 4129 1190 4143 .
1205 4084 1392 4155 perspectae,

819 4177 921 4232 ebenso
949 4178 999 4232 wie
1024 4180 1038 4245 ἓ
1057 4182 1075 4231 4
1097 4178 1143 4245 qui
1162 4218 1168 4231 .
1188 4220 1196 4233 .
1214 4174 1311 4231 fuisset
1333 4174 1392 4227 lau·

820 4265 893 4319 aaler
912 4265 1089 4319 Relativsatz.
