2934 4750
159 217 206 277 ‘14
635 225 676 280 De
695 225 768 280 bello
787 225 901 281 Gallico.

216 369 351 434 Romani
380 369 571 450 permittere,
606 386 707 450 neque
737 385 772 434 se
803 386 874 433 eum
897 365 1004 449 Belgis
1026 365 1157 447 rehquis
1180 366 1374 430 consensisse

181 493 318 556 sneque
347 482 457 540 contra
484 473 635 556 populum
659 475 833 538 Romanum
857 472 1049 552 coniurasse,
1079 475 1273 552 paratosque
1303 487 1373 536 esse

217 585 251 645 et
277 578 401 645 obsides
425 578 501 644 dare
524 578 557 644 et
578 579 735 661 imperata
749 569 861 644 ¹lacere
885 581 919 644 et
940 577 1066 659 oppidis
1088 577 1231 658 recipere
1252 581 1286 640 et
1308 573 1375 640 iru-

180 691 323 756 4mento
346 685 521 766 ceterisque
544 683 639 750 rebus
662 685 786 762 iuvare3
810 683 947 765 rehquos
971 699 1080 749 omnes
1095 681 1212 763 Belgas
1226 680 1260 745 in
1278 680 1376 746 armis

178 809 297 870 sessa,
327 791 574 871 Germanosque,
608 790 661 871 qui
693 790 739 856 cis
765 789 910 855 Rhenum
940 788 1087 867 incolant,
1122 805 1193 853 sese
1224 804 1297 851 cum
1326 784 1376 849 his

218 897 425 976 coniunxisse,
457 901 647 978 tentumque
676 913 747 962 esse
777 913 886 961 eorum
918 895 1056 961 omnium
1087 892 1235 973 furorem,
1268 896 1307 956 nt
1337 909 1377 955 ne

217 1001 400 1068 Suessiones
428 1001 563 1083 quidem,
594 1001 710 1067 fratres
740 997 1051 1081 consanguineosque
1073 1016 1156 1079 snos,
1188 999 1242 1080 qui
1265 996 1377 1064 eodem

217 1110 285 1173 iure
307 1113 341 1174 et
363 1109 463 1174 isdem
486 1108 608 1188 legibus
632 1113 773 1188 utantur,
797 1125 894 1173 unum
917 1106 1081 1189 imperium
1102 1123 1263 1186 unumque
1278 1105 1378 1185 magi·

216 1219 352 1279 stratum
378 1232 448 1278 cum
471 1214 548 1295 ipsis
571 1213 719 1292 habeant,
750 1214 912 1280 deterrere
933 1211 1108 1294 potuerint,
1135 1211 1211 1292 quin
1234 1229 1306 1276 cum
1329 1208 1378 1274 his

218 1319 441 1384 consentirent.

179 1445 198 1494 1
306 1429 335 1488 4.
374 1422 454 1489 (lum
481 1425 521 1490 ab
550 1425 599 1490 his
627 1429 802 1506 quaereret,
833 1441 916 1506 quae
943 1423 1086 1489 civitates
1119 1431 1323 1503 quantaeque
1345 1421 1377 1484 in

219 1530 314 1594 armis
343 1536 451 1614 essent
479 1537 511 1595 et
538 1529 614 1611 quid
637 1530 670 1594 in
692 1529 777 1595 bello
800 1533 939 1610 possent,
963 1529 1009 1594 sic
1031 1527 1227 1610 reperiebat:
1253 1526 1378 1592 Pieros·
1447 1554 1448 1557 ¹

219 1654 279 1716 que
314 1635 428 1718 Belgas
463 1653 531 1702 esse
565 1641 652 1701 ortos
686 1634 726 1701 ab
761 1634 927 1700 Germanis
961 1634 1167 1715 Rhenumque
1200 1632 1378 1714 antiquitus
1447 1614 1448 1629 ¹

179 1758 201 1810 a
221 1741 384 1808 traductos
407 1749 537 1824 propter
560 1742 623 1808 loci
646 1741 840 1808 fertilitatem
863 1740 908 1807 ibi
923 1739 1101 1808 consedisse
1117 1738 1302 1819 Gallosque,
1326 1735 1380 1818 qui

220 1865 259 1912 ea
280 1848 349 1913 loca
371 1847 556 1926 incolerent,
581 1848 737 1930 expulisse
759 1847 906 1928 solosque
923 1863 1003 1926 esse,
1027 1845 1080 1927 qui
1103 1850 1232 1926 patrum
1254 1848 1380 1911 nostro·

219 1973 289 2018 rum
316 1954 466 2020 memoria
494 1953 579 2019 omni
603 1952 706 2020 Gallia
734 1958 850 2019 vexata
871 1951 1032 2018 Teutonos
1056 1949 1266 2031 Cimbrosque
1295 1949 1380 2015 iutra

180 2058 298 2128 sfines
328 2077 401 2125 suos
431 2058 556 2142 ingredi
585 2059 822 2141 prohibuerint3
856 2077 920 2140 qua
950 2076 988 2122 ex
1016 2075 1052 2122 re
1080 2055 1158 2136 fieri,
1187 2055 1235 2120 uti
1271 2071 1380 2120 earum

220 2183 324 2230 rerum
351 2165 502 2231 memoria
531 2184 676 2248 magnam
700 2165 762 2230 sibi
783 2165 1007 2230 auctoritatem
1029 2179 1224 2244 magnosque
1247 2161 1379 2243 spiritus

184 2269 253 2340 tin
282 2289 317 2334 re
348 2269 475 2334 mihtari
504 2275 673 2336 sumerent.
719 2273 767 2336 De
790 2287 920 2335 numero
943 2286 1053 2335 eorum
1075 2267 1182 2334 omnia
1203 2284 1238 2332 se
1260 2265 1379 2332 habere

135 2602 139 2609 .
161 2533 279 2599 :mittere
304 2532 447 2587 Ausdruch
465 2531 511 2586 fiir
531 2533 574 2588 die
592 2532 747 2601 treiwillige
795 2530 817 2559 ²
835 2535 863 2587 4.
883 2538 906 2586 1.
924 2532 964 2585 sic
981 2530 1133 2599 reperiebat
1151 2529 1186 2585 of.
1204 2546 1239 2583 zu
1257 2531 1279 2584 1.
1299 2531 1377 2582 141.

168 2620 389 2689 Uuterwerfuug.
800 2651 830 2661 —
852 2620 1001 2689 reperiebat
1023 2634 1071 2688 „er
1088 2619 1199 2672 machte
1217 2613 1377 2682 ausfindig“.
1447 2633 1448 2636 ¹

204 2730 229 2781 3,
266 2731 451 2795 papamque,
494 2742 546 2791 que
585 2727 747 2795 „sondemq
801 2710 858 2763 Das
875 2708 987 2777 Imperi.
1014 2714 1085 2762 setzt
1111 2707 1157 2761 ein
1188 2704 1378 2760 wiederholtes
1447 2717 1448 2720 ’

163 2814 249 2869 ,Nach
261 2815 336 2869 einer
346 2814 484 2881 Negation
495 2814 579 2869 findet
591 2816 648 2870 sich
659 2814 747 2871 bitere
800 2798 910 2865 Fslssess
922 2812 1031 2851 101848·
1050 2824 1084 2837 ··
1102 2793 1222 2848 Orl⁰8⁰b
1235 2790 1379 2848 6814141148
1447 2809 1448 2812 ’

164 2903 218 2957 der
231 2902 387 2971 Gegensata
407 2903 494 2957 durch
513 2918 574 2971 que,
592 2908 619 2959 et
631 2903 698 2958 oder
713 2918 748 2957 ae
800 2885 834 2940 cf·
854 2885 942 2943 Tacit·
962 2885 1050 2939 Germ·
1069 2886 1105 2937 23
1132 2882 1245 2936 Treveri
1264 2889 1293 2937 el
1304 2881 1379 2964 Ner·

163 2990 309 3059 sngefqgt‚
327 3008 368 3046 wo
386 2992 435 3046 wir
454 2992 490 3045 qm
511 2992 667 3047 Deutgchen
687 2991 749 3046 eine
800 2973 838 3026 vii
857 2973 931 3027 circa
948 2970 1119 3029 affectionem
1132 2970 1313 3026 Germanicae
1326 2967 1378 3022 ori·

171 3078 456 3147 Adversativpartilrel
473 3097 508 3133 zu
524 3078 748 3148 setaeupflegen,
802 3062 873 3129 8511ss
898 3061 971 3117 ullr⁰
997 3060 1137 3115 ambitiosi
1156 3067 1238 3132 flunt·
1280 3056 1377 3112 Wahr·

164 3166 216 3219 Ν.
236 3170 277 3220 36,
296 3169 313 3221 4
332 3176 360 3222 es
373 3168 455 3236 paulo
468 3167 541 3222 infra
554 3168 661 3223 delatae
677 3174 750 3223 ,ung
803 3150 953 3205 scheinlich
971 3149 1060 3204 haben
1079 3150 1123 3203 die
1141 3146 1379 3217 eingewanderten

164 3254 216 3311 lv.
235 3258 278 3309 35.
296 3259 314 3308 2
332 3271 364 3310 ac
381 3262 459 3323 terga
478 3262 626 3311 verterunt,
640 3286 671 3295 ..
685 3256 751 3311 mi.
803 3238 954 3293 Germanen
972 3238 1016 3292 die
1029 3237 1116 3292 Sitteu
1133 3236 1190 3291 und
1203 3236 1245 3289 die
1258 3232 1379 3305 Sprache
1447 3269 1448 3272 ,

161 3358 232 3410 ,pere
251 3385 258 3399 ,
277 3384 283 3397 ,
301 3342 397 3397 tavare
414 3344 473 3399 scil,
493 3344 645 3399 caesarem,
804 3326 853 3381 der
872 3325 1012 3394 besiegten
1031 3323 1135 3379 Gallier
1154 3336 1357 3391 angenommen.

206 3432 231 3487 5.
261 3428 417 3497 Germanos,
442 3433 489 3500 qui
508 3433 546 3487 cis
566 3432 691 3487 Rhenum
710 3430 749 3485 in·
837 3437 864 3490 2.
880 3414 1379 3499 patrmuoermemmeaortane'ch

164 3518 275 3581 colant3
297 3519 372 3574 diere
390 3519 498 3575 werden
517 3536 541 3578 c.
560 3524 584 3575 4.
606 3523 638 3573 10
655 3518 749 3587 adige·
803 3513 1379 3585 derSchlaohtbeiNorejaa.113v.Ghr.

165 3606 253 3661 aahlc.
273 3636 304 3646 —
324 3604 491 3673 Suessiones,
508 3607 663 3676 belgisches
677 3608 750 3661 Vollr
803 3606 917 3661 -omni
926 3606 1029 3673 Gallia,
1039 3605 1091 3659 mit
1100 3604 1257 3659 Ausnahme
1267 3604 1315 3658 des
1323 3598 1379 3655 bel·

165 3695 538 3751 'westlichvondenRemerm
547 3724 580 3733 -
591 3695 680 3751 eodem
688 3696 750 3749 iure
803 3697 917 3763 gisohen
931 3694 1062 3750 Galhens.
1075 3723 1109 3733 -
1120 3689 1378 3762 iaqredipeohe'hee·
1395 3705 1399 3732 ι

166 3789 197 3837 et
219 3782 305 3837 isdem
328 3783 430 3851 lapibus
452 3788 578 3837 oranter.
608 3782 643 3841 ol.
667 3800 701 3837 zu
727 3785 749 3838 Ι.
802 3784 868 3838 siat.
886 3784 967 3839 Naoh
975 3782 1120 3851 prohibere
1130 3787 1201 3837 setat
1210 3781 1239 3835 G.
1249 3787 1319 3833 ntets
1328 3776 1379 3830 den

166 3874 215 3928 28.
235 3874 259 3925 5.
278 3900 310 3911 —
336 3871 421 3925 isdem
439 3894 470 3917 =
490 3871 600 3935 eisdem,
631 3870 750 3927 welches
803 3872 881 3926 Inlin.
900 3871 966 3926 oder
983 3873 1050 3925 Ace.
1068 3886 1091 3925 c.
1109 3868 1162 3927 Inf.
1180 3869 1215 3923 cl.
1233 3868 1278 3923 IV.
1297 3866 1340 3921 24.
1357 3865 1379 3914 1.

165 3959 231 4013 sich
249 3959 292 4014 bei
313 3958 341 4017 Ο.
361 3975 413 4013 nur
431 3959 456 4013 b.
476 3974 498 4013 c.
518 3960 539 4012 Ι.
557 3961 582 4013 8.
598 3963 624 4013 4.
642 3960 663 4013 Ι.
676 3962 750 4018 82.3
804 3961 865 4016 Vll.
886 3963 928 4015 17.
950 3964 964 4011 l
984 3975 1011 4012 u.
1030 3963 1065 4021 b.;
1084 3974 1137 4011 nur
1155 3955 1285 4022 (Hirtius)
1303 3948 1378 4005 VIII·

171 4044 263 4101 findet.
294 4075 328 4085 —
357 4046 508 4114 imperium,
532 4046 574 4101 die
599 4047 750 4102 Militarbe·
803 4051 846 4102 34.
864 4052 881 4102 3
899 4047 1051 4115 quominus.
1072 4074 1106 4084 -
1119 4041 1314 4113 prohibuerint
1325 4034 1378 4091 und

168 4133 269 4199 horda,
287 4136 475 4203 magistratus,
494 4134 537 4189 die
549 4134 750 4190 Civilbehorde.
803 4133 1041 4205 §tcognoverint
1052 4134 1121 4189 uber
1134 4127 1319 4187 denWeehsel
1331 4126 1377 4179 des

166 4251 204 4261 --
230 4222 373 4291 potuerint
400 4222 435 4281 cf.
460 4224 481 4278 1.
502 4228 543 4277 11.
562 4226 578 4277 3
597 4240 631 4277 zu
652 4222 750 4278 debue·
804 4222 923 4290 Tempus
942 4223 970 4275 in
988 4221 1090 4277 deror.
1103 4220 1156 4275 obl.
1171 4218 1337 4275 cf.zu1.44.
1352 4218 1377 4267 2.

167 4310 235 4368 rint.
711 4356 712 4361 ,
839 4314 865 4367 3.
883 4310 1021 4376 memoria,
1042 4307 1096 4363 abl.
1114 4324 1222 4365 musae.
