2934 4750
555 221 616 284 nrt.
632 220 681 284 lv.
715 225 829 284 aa-an
1202 285 1203 290 Ν
1258 211 1297 280 51

86 365 200 456 Neque
227 370 311 438 enim
338 370 442 438 naves
464 376 557 438 erant
587 371 678 450 aliae,
713 371 829 452 quibus
856 373 1012 455 reportari
1041 379 1179 454 possent,
1213 379 1281 442 eta

87 482 195 546 omnia
217 480 361 560 deerant,
381 496 462 560 quae
484 478 525 545 ad
549 476 735 544 reficiendus
758 497 856 544 naves
878 485 970 544 erant
992 480 1072 561 usui,
1096 484 1138 560 et,
1163 480 1248 562 quod

87 587 233 652 omnibus
260 585 430 651 constabat
459 584 593 650 hiemari
619 585 653 649 in
676 583 782 650 Gallia
804 591 959 666 oportere,
983 583 1176 652 frumentum
1199 586 1248 651 his

87 693 121 755 in
142 691 221 756 locis
243 692 276 755 in
297 691 430 756 hiemem
453 691 615 772 provisum
638 709 702 755 non
725 696 803 756 erat.

179 802 230 862 30.
260 796 381 875 Quibus
407 797 503 861 rebus
531 796 667 879 cognitis
700 798 856 878 principes
881 795 1075 878 Britanniae,
1099 799 1153 880 qui
1175 801 1282 886 post1

90 902 243 986 proelium
274 902 315 967 ad
344 900 515 968 Gaesarem
544 909 770 982 conuenerant,
806 903 890 968 inter
918 921 953 968 se
981 902 1143 983 collocuti,
1179 921 1249 969 cum

90 1009 214 1090 equites
236 1014 269 1073 et
291 1025 389 1073 naves
413 1013 446 1074 et
467 1007 659 1074 frumentum
676 1008 827 1074 Romanis
850 1008 959 1074 deesse
981 1008 1201 1090 intellegerent
1219 1015 1252 1074 et

90 1115 283 1198 paucitatem
306 1115 440 1180 militum
464 1134 502 1179 ex
524 1120 702 1181 castrorum
726 1115 897 1196 exiguitate
913 1120 1147 1198 cognoscerent,
1171 1133 1251 1198 quae

91 1221 152 1286 hoc
183 1226 275 1285 erant
303 1222 402 1286 etiam
429 1221 626 1303 angustiora,
658 1220 743 1301 quod
775 1221 843 1286 sine
874 1221 1104 1303 impedimentis
1135 1221 1252 1288 Caesar

91 1329 232 1410 legiones
260 1333 544 1408 transportaverat,
571 1329 736 1409 optimum,
756 1325 843 1393 factu
867 1344 936 1394 esse
960 1327 1126 1410 duxerunt,
1150 1327 1287 1398 rebel-2

91 1435 177 1500 lione
205 1432 290 1498 facta
316 1432 476 1499 frumento
507 1439 749 1514 commeatuque
779 1439 905 1498 nostros
935 1433 1100 1516 prohibere
1132 1439 1164 1499 et
1186 1453 1253 1498 rem

92 1541 125 1605 in
148 1539 283 1605 hiemem
307 1534 496 1621 producere,
515 1540 599 1621 quod
621 1539 671 1605 his
693 1541 853 1622 superatis
876 1546 932 1606 aut
954 1541 1059 1606 reditu
1074 1540 1254 1607 interclusis

94 1647 252 1712 neminem
274 1652 387 1730 postea
408 1646 483 1711 belli
503 1645 658 1712 inferendi
673 1665 773 1712 causa
786 1647 819 1711 iu
836 1646 1030 1712 Britanniam
1046 1649 1255 1714 transiturum

95 1751 303 1820 confidebant.
349 1751 460 1834 ltaque
488 1770 600 1818 rursus
623 1753 837 1819 coniuratione
860 1752 945 1820 facta
967 1740 1119 1835 paulatim
1143 1771 1182 1818 ex
1204 1771 1255 1819 ca·

96 1860 173 1924 stris
196 1857 358 1923 discedere
380 1877 418 1923 ac
439 1876 514 1923 suos
536 1857 618 1924 elam
641 1877 678 1922 ex
700 1859 787 1940 agris
812 1858 969 1924 deducere
991 1865 1174 1941 coeperunt.

186 1969 236 2030 31.
270 1965 312 2027 At
334 1961 462 2044 Caesar,
495 1965 558 2029 etsi
586 1965 723 2030 nondum
752 1983 862 2030 eorum
894 1964 1024 2031 consilia
1054 1971 1290 2047 cognoverat,1

97 2075 203 2135 tamen
232 2075 266 2135 et
293 2087 333 2134 ex
361 2075 478 2135 eventu
504 2071 633 2136 navium
660 2088 790 2136 suarum
822 2075 855 2134 et
882 2089 920 2136 ex
948 2089 995 2150 eo,
1026 2071 1110 2152 qood
1133 2071 1257 2137 obsides

96 2176 175 2241 dare
196 2175 443 2256 intermiserant,
466 2175 534 2242 lore
556 2177 598 2255 id,
623 2177 706 2258 quod
729 2175 855 2257 accidit,
879 2177 1110 2257 suspicabatur.
1145 2179 1256 2259 ltaque
1276 2195 1292 2244 2

97 2283 140 2348 ad
170 2300 279 2348 omues
302 2301 395 2348 casus
417 2283 560 2349 subsidia
583 2283 798 2367 comparabat.
845 2282 926 2349 Nam
949 2289 982 2348 et
1004 2282 1197 2350 frumentum
1220 2303 1259 2350 ex

96 2390 184 2471 agris
214 2389 329 2455 cotidie
352 2390 384 2454 in
407 2397 515 2456 castra
538 2390 718 2457 conferebat
740 2396 780 2471 et,
812 2408 894 2473 quae
917 2391 1101 2473 gravissime
1124 2388 1259 2457 afflictae

98 2502 193 2560 erant
216 2514 324 2575 naves,
348 2514 458 2561 earum
481 2499 616 2563 materia
640 2505 737 2579 atque
760 2516 835 2563 aere
858 2498 899 2563 ad
918 2498 1057 2578 reliquas
1072 2495 1259 2563 reficiendas

98 2602 252 2667 utebatur
280 2609 321 2683 et,
353 2620 434 2684 quae
460 2604 501 2667 ad
529 2622 584 2669 eas
613 2622 666 2669 res
691 2608 784 2669 erant
806 2604 886 2683 usui,
919 2622 957 2669 ex
980 2604 1155 2669 continenti
1179 2622 1260 2670 oom-

101 2708 224 2790 portari
253 2709 390 2775 iubebat.
436 2709 558 2791 ltaque,
587 2728 657 2775 cum
686 2728 808 2774 summo
839 2709 944 2777 studio
975 2730 994 2773 a
1022 2710 1174 2775 militibus
1203 2710 1295 2777 ada

100 2813 345 2894 ministraretur,
377 2814 543 2882 duodecim
570 2817 702 2882 navibus
729 2816 863 2897 amissis,
895 2816 1025 2897 reliquis
1051 2821 1089 2881 ut
1116 2816 1261 2899 navigari

99 2921 265 2987 commode
286 2927 403 3004 posset,
428 2919 541 2991 effecit.

136 3153 162 3205 4.
180 3164 266 3217 nequa
283 3190 291 3217 ,
310 3191 316 3204 .
335 3190 342 3203 .
362 3156 394 3205 at.
432 3152 500 3206 Dem
518 3168 607 3221 neque
625 3159 681 3207 ent·
735 3151 894 3206 Britannier
919 3152 947 3205 in
966 3152 1027 3207 ihre
1046 3151 1154 3207 Haimat
1173 3151 1314 3207 entlasseu

100 3236 210 3305 aprieht
229 3244 258 3292 et
270 3276 277 3293 .
291 3279 318 3293 ..
335 3255 399 3305 non,
420 3240 546 3303 welches,
565 3258 611 3295 um
630 3241 682 3295 den
736 3240 859 3305 worden3
880 3241 954 3309 jetzt
980 3240 1092 3295 worden
1110 3241 1150 3295 sie
1169 3240 1315 3295 wiederum

101 3325 599 3397 negativamBegriffhervorzuheben,
613 3335 682 3385 atatt
736 3346 796 3383 zum
816 3330 915 3397 Kriege
934 3328 1106 3397 anigeboten.

102 3416 427 3482 nei1¹¹⁴³ll⁰⁸i³i²li⁸i·-
444 3417 476 3470 ia
493 3416 604 3471 hiem
622 3418 682 3487 nfflf
715 3444 742 3471 Λ
771 3434 817 3491 31.
857 3439 880 3489 1.
898 3450 932 3488 aa
949 3434 1177 3503 cueaiu,„inlolge
1196 3432 1244 3489 deo
1259 3432 1316 3489 Un-

106 3500 158 3555 den
176 3501 312 3561 Winter“.
737 3523 829 3579 falls“.

82 3635 103 3647 ν
139 3608 187 3663 30.
207 3613 231 3663 1.
250 3608 302 3664 icoc
318 3650 324 3663 .
338 3650 362 3664 ..
376 3612 540 3679 anpusttora
559 3610 632 3681 qaod
651 3633 683 3657 =
775 3616 800 3666 2.
819 3610 857 3665 cd
875 3627 965 3665 omnes
976 3626 1057 3665 casua
1070 3612 1133 3681 „lilr
1146 3611 1201 3666 alle
1213 3610 1317 3665 Falle“.

106 3702 253 3764 propterea
266 3737 274 3751 .
287 3738 294 3753 .
309 3740 315 3755 .
333 3697 407 3765 quod
425 3699 459 3753 cl.
478 3716 512 3753 zu
531 3700 579 3754 lll.
600 3704 641 3755 13.
660 3702 686 3757 6.
740 3699 916 3753 -subsidio
936 3700 1146 3769 „Hdllsmittel“.
1167 3730 1198 3738 -
1218 3704 1244 3752 et
1263 3740 1269 3752 .
1288 3740 1319 3757 ..

142 3787 167 3837 2.
193 3800 306 3853 rursm,
336 3787 398 3841 hier
428 3788 504 3841 niebt
530 3788 686 3854 wiedernm,
739 3794 765 3843 et
778 3830 784 3843 .
799 3830 804 3842 .
818 3829 824 3842 .
837 3793 870 3842 ct.
898 3786 1038 3842 Wahr'eud
1057 3788 1099 3843 die
1118 3789 1215 3843 beiden
1228 3795 1318 3843 ersten

107 3872 228 3926 sondern
251 3888 281 3927 es
299 3874 363 3928 hebt
380 3874 434 3929 den
452 3874 606 3944 Gegensatz
624 3878 687 3930 zwi-
740 3883 768 3932 at
779 3878 829 3931 mit
841 3876 973 3931 einander
986 3877 1242 3946 korraspoudieron,
1258 3877 1320 3946 filgt

107 3960 193 4014 schen
207 3960 494 4030 derursprdnglichen
507 3964 623 4019 Absicht
638 3965 687 4019 der
741 3964 791 4019 das
817 3964 898 4019 dritte
924 3972 952 4018 et
977 3966 1037 4019 eine
1056 3964 1246 4034 Erweiterung
1271 3965 1320 4020 des

109 4048 278 4118 Britannier,
289 4050 543 4107 dberdenFriedan
553 4062 687 4107 zuunter-
741 4054 854 4108 aweiten
869 4053 1033 4108 Gedankens
1052 4070 1095 4111 an.
1110 4084 1141 4092 -
1155 4054 1193 4107 ad
1212 4070 1258 4108 aar
1269 4070 1322 4124 rea,

108 4136 229 4191 bandeln
260 4138 316 4193 und
346 4140 432 4193 ibrem
460 4141 581 4208 Jetzigen
608 4141 689 4195 Thun
743 4142 819 4196 nicht
841 4158 893 4195 nur
915 4157 976 4195 zum
996 4142 1178 4210 Ausbesaern‚
1203 4142 1322 4197 sondern

108 4225 273 4282 berron-
291 4228 419 4297 acaprio
437 4228 575 4283 deducere.
610 4230 691 4285 Naeh
745 4229 814 4283 auch
841 4246 891 4283 zur
915 4229 1117 4297 rollstandigen
1135 4229 1324 4297 Auartlstuug.

109 4330 133 4370 c.
151 4319 195 4371 27.
215 4319 232 4369 7
250 4329 342 4369 varan
361 4315 406 4370 die
418 4316 629 4380 Manuscbaften
645 4317 693 4374 der
746 4346 780 4357 -
798 4331 832 4369 ec
850 4318 1000 4373 ruminanti
1017 4317 1051 4373 of.
1069 4335 1092 4373 a.
1110 4321 1153 4373 28.
1172 4323 1197 4372 3.

1186 4408 1217 4461 4*
