2934 4750
561 183 621 238 Lib.
639 184 685 238 lv.
724 187 836 242 19-21.
1263 175 1305 234 43

87 325 160 390 fere
182 325 314 392 Gallicis
345 325 437 390 bellis
466 325 611 392 hostibus
634 327 752 392 nostris
775 326 849 392 iude
872 326 1114 394 subministrata
1136 327 1252 392 auxilia

87 432 299 514 intellegebat
321 440 364 512 et,
395 433 422 498 si
448 439 574 514 tempus
596 434 672 498 anui
693 434 736 499 ad
759 433 875 498 bellum
898 435 1070 514 gerendum
1094 433 1253 513 deficeret,

88 545 199 605 tamen
218 557 334 621 magno
349 538 411 605 sibi
426 540 496 603 usui
513 537 579 604 tore
594 539 817 618 arbitrabatur,
834 540 860 604 si
876 539 968 605 modo
983 539 1119 604 insulam
1134 540 1253 606 adisset
1272 551 1289 602 2

89 651 126 712 et
140 663 243 725 genus
257 644 417 710 hominum
434 647 654 726 perspexisset,
678 644 759 724 loca,
775 650 895 726 portus,
919 645 1024 710 aditus
1041 647 1253 728 cognovisset,

88 768 173 832 quae
201 751 307 816 omnia
335 749 400 816 iere
424 749 526 815 Gallis
557 757 648 816 eraut
675 751 849 834 incognita
894 749 1003 832 Neque
1026 752 1109 816 enim
1133 759 1289 817 temeres

87 865 220 938 praeter
242 862 436 921 mercatores
459 856 513 920 illo
535 857 605 922 adit
621 859 796 948 quisquam,
821 875 922 938 neque
939 857 977 922 iis
993 857 1069 938 ipsis
1085 857 1252 938 quicquam

87 967 219 1042 praeter
240 980 328 1027 oram
351 964 543 1029 maritimam
566 969 663 1044 atque
685 981 740 1028 aas
763 965 919 1044 regiones,
942 981 1023 1044 quae
1045 969 1119 1028 sunt
1143 970 1254 1029 contra

87 1065 222 1146 Galliae,
246 1076 356 1134 notum
380 1077 437 1136 est.
468 1069 581 1150 ltaque
605 1070 722 1134 vocatis
745 1069 787 1134 ad
809 1087 843 1134 se
860 1068 999 1150 undique
1014 1069 1253 1149 mercatoribus,
1272 1081 1290 1132 4

87 1191 195 1253 neque
219 1183 338 1255 quauta
360 1181 448 1240 esset
469 1175 591 1242 insulae
613 1175 806 1256 magnitudo,
830 1193 932 1256 neque
949 1192 1031 1256 quae
1046 1181 1104 1242 aut
1117 1184 1254 1256 quantae

88 1283 237 1346 nationes
259 1280 441 1360 incolerent,
465 1299 567 1362 neque
589 1298 682 1362 quem
702 1298 794 1346 usum
811 1280 885 1346 belli
902 1279 1055 1345 baberent
1069 1285 1125 1346 aut
1140 1280 1254 1362 quibus

88 1384 247 1450 institutis
271 1392 447 1465 uterentur,
472 1404 573 1468 neque
595 1389 649 1468 qui
672 1392 780 1452 essem
802 1386 843 1450 ad
862 1387 1015 1452 maiorum
1031 1387 1157 1452 navium
1174 1385 1254 1450 mul-

87 1491 261 1558 titudinem
283 1491 391 1558 idonei
413 1499 532 1575 portus,
556 1493 696 1574 reperire
721 1497 855 1573 poterat.

181 1601 234 1663 21.
270 1597 319 1660 Ad
348 1596 427 1662 haec
455 1578 683 1679 cognoscenda,
716 1599 898 1679 priusquam
928 1597 1103 1678 periculum
1127 1595 1288 1679 lacerati

91 1702 242 1768 idoneum
273 1720 344 1768 esso
373 1703 547 1768 arbitratus
560 1703 566 1714 '
580 1703 696 1769 (laium
727 1703 916 1771 Volusenum
947 1722 1017 1768 curn
1053 1703 1125 1768 navi
1158 1703 1255 1785 longa

95 1810 279 1891 praemittit.
324 1808 407 1875 Huic
436 1809 574 1891 mandat,
605 1818 641 1874 ut
672 1809 843 1891 exploratis
872 1810 1015 1880 omuibus
1039 1810 1134 1873 rebus
1157 1808 1197 1872 ad
1219 1819 1290 1872 sea

95 1914 345 1996 quamprimum
369 1920 557 1980 revertatur.
587 1914 659 1996 Ipse
681 1933 751 1979 cum
776 1915 920 1980 omuibus
944 1914 1043 1996 copiis
1065 1915 1098 1977 in
1115 1913 1254 1978 Morinos
1273 1923 1290 1975 s

97 2019 313 2102 proficiscitur,
336 2019 421 2102 quod
435 2021 510 2086 inrle
524 2028 596 2085 erat
611 2019 815 2086 brevissimus
834 2021 866 2084 iu
882 2019 1077 2092 Britanniam
1093 2021 1252 2086 traiectus.
1329 2094 1331 2098 ¹

94 2123 165 2192 Huc
187 2143 285 2193 naues
307 2126 446 2207 undique
468 2146 508 2192 ex
529 2124 670 2192 finitimis
694 2125 873 2210 regionibus
896 2130 937 2204 et,
973 2144 1071 2207 quam
1090 2127 1291 2206 superiores

92 2239 218 2297 aestate
241 2231 283 2296 ad
300 2233 483 2298 Veneticum
505 2232 622 2298 bellum
645 2231 792 2297 effecerat
810 2231 950 2311 classem,
974 2231 1063 2296 iubet
1078 2232 1254 2297 convenire.

90 2337 225 2402 luterim
257 2336 385 2402 consilio
415 2338 482 2402 eius
516 2339 644 2421 cognito
676 2345 708 2403 et
743 2355 800 2420 per
833 2342 1025 2403 mercatores
1057 2337 1180 2419 perlato
1213 2336 1290 2402 adu

91 2442 278 2523 Britannos,
317 2460 337 2505 a
368 2443 582 2524 compluribus
611 2444 735 2509 insulae
766 2443 948 2509 civitatibus
980 2443 1020 2507 ad
1051 2462 1123 2509 eum
1155 2443 1255 2525 legati

87 2550 241 2625 veniunt,
274 2548 328 2629 qui
356 2548 566 2629 polliceantur
593 2549 720 2615 obsides
751 2548 828 2613 (lare
857 2558 953 2631 atque
983 2549 1114 2631 imperio
1146 2548 1254 2631 populi

92 2756 209 2825 erzault,
233 2756 294 2813 duis
317 2756 361 2813 die
380 2758 533 2813 Biitcunier
550 2758 604 2814 deo
624 2760 674 2814 Va·

88 2854 190 2902 uetera
200 2844 403 2915 Hultrtrappen
415 2846 557 2914 geschiclit
567 2848 675 2906 hatten.

94 2964 125 2974 -
146 2932 319 3002 tmelupebat
330 2957 366 2979 -=
378 2933 484 2991 sciebat
502 2934 538 2993 uf.
556 2936 577 2987 l.
592 2939 636 2992 20.
648 2938 674 2990 6.

91 3052 127 3062 -
150 3020 273 3088 deficeret
291 3022 384 3091 ,nicht
402 3022 592 3080 auoreiebeu“.

128 3115 157 3165 2.
180 3125 280 3179 mayoc
303 3110 358 3163 sibi
375 3110 440 3163 usui
457 3111 526 3176 fore.
564 3112 675 3179 Sueten,

92 3198 173 3253 Caes.
187 3200 222 3252 58
241 3197 317 3252 stellt
335 3196 406 3253 auch
420 3197 494 3253 diese
506 3198 675 3267 Expedition

92 3303 148 3341 nur
167 3286 210 3340 als
223 3285 284 3341 eine
299 3286 559 3353 Rekognoszierung
571 3287 629 3342 dar.
641 3316 676 3327 -

89 3372 276 3442 perspexisset
295 3390 420 3445 ,pensu
437 3374 545 3431 keuuen
567 3377 676 3444 gelerut

96 3462 199 3517 hinet
220 3490 253 3501 -
278 3461 371 3516 aditus
390 3462 677 3533 ,Landuugsplittaa“.

131 3555 157 3607 3.
175 3550 290 3619 Neque.
308 3591 316 3605 .
336 3591 343 3605 .
360 3566 454 3619 aeque,
478 3552 556 3606 nicht
579 3552 676 3607 korre·

94 3639 289 3707 spondierend,
303 3639 420 3694 eundern
440 3656 529 3707 neque
547 3639 620 3695 euim
632 3656 676 3695 am

98 3726 222 3795 Auiange
241 3726 289 3783 des
308 3726 404 3784 Sauos
425 3748 455 3773 =
475 3729 620 3785 nonenim
642 3728 677 3783 cs.

727 2774 884 2829 gezogsueu
907 2758 1056 2813 Kaufleute
1080 2758 1247 2813 befremdeu.
1274 2786 1308 2797 -

729 2848 776 2917 qui
795 2852 880 2901 emeat
900 2890 906 2905 .
926 2887 933 2902 .
952 2887 958 2900 .
976 2845 1068 2899 idonei
1080 2851 1190 2913 portus.
1215 2845 1309 2901 idonei

728 2936 767 2991 ist
777 2934 906 2995 Attribut
919 2950 952 2987 au
966 2941 1073 3002 portus.
1091 2933 1119 2987 G.
1132 2932 1188 2986 uill
1201 2932 1308 3001 wissen,

728 3025 764 3078 ub
777 3039 807 3078 es
817 3022 972 3091 tiberhaupt
982 3021 1118 3098 passentle
1128 3020 1218 3075 Htfen
1229 3021 1308 3088 giba,

728 3110 832 3167 welche
851 3110 911 3165 eine
930 3109 1037 3165 Anuahl
1055 3109 1193 3179 grblserer
1208 3107 1309 3165 Schiffe

728 3199 892 3255 aufnehmen
911 3200 1041 3253 lebnuteu.
1060 3228 1095 3237 -
1119 3197 1247 3265 reperire,
1265 3214 1308 3251 er·

728 3287 828 3342 fabren
846 3285 949 3355 infulge
967 3302 1021 3341 von
1037 3284 1309 3354 Nachfurschungeu.

712 3384 739 3408 ³
764 3374 810 3431 21.
836 3379 872 3433 ,1.
901 3372 1003 3427 Guium
1034 3372 1198 3428 Volusenum
1225 3373 1309 3442 (Qua-

728 3463 858 3533 dratum).
888 3462 965 3519 Nuch
984 3463 1033 3517 lll.
1052 3465 1077 3517 ὃ.
1095 3465 1112 3517 2
1130 3462 1167 3516 ist
1185 3462 1310 3518 derselbo

729 3548 1309 3616 tribunusmilitum,utbrenderimletzteu

729 3640 816 3695 Jahre
829 3640 877 3694 des
890 3638 954 3707 gall.
968 3638 1092 3706 Krieges,
1105 3637 1139 3693 cf.
1153 3638 1223 3691 Vlll.
1233 3640 1274 3691 la.
1284 3641 1309 3705 l,

729 3728 785 3783 und
811 3728 848 3783 im
874 3727 1086 3795 Burgerkriege,
1113 3725 1147 3779 cf,
1171 3724 1309 3785 b.o.111.

96 3832 130 3869 zu
149 3817 168 3870 l.
187 3820 231 3871 31.
253 3820 292 3869 11.
306 3843 339 3853 -—
358 3821 456 3868 coutru
469 3815 587 3883 Gallius,
604 3817 677 3872 deun
729 3820 772 3872 60.
780 3819 807 3885 4,
817 3816 858 3871 uls
869 3815 1026 3885 praefectus
1033 3816 1154 3883 equitum
1163 3813 1309 3869 erscheint.

94 3901 349 3959 Gallienceriielin
362 3904 552 3972 3Hauptteile.
572 3905 640 3961 cf.-l.
653 3910 676 3962 1.
765 3910 789 3960 4.
808 3904 938 3971 effecerat,
962 3903 1089 3959 kuomtiv
1109 3904 1203 3971 „hatte
1222 3903 1309 3957 baueu

130 3992 674 4049 4.mercacoruacuamoh111.s.r
729 3993 848 4051 lasseu“.
871 4021 905 4031 -
928 3992 965 4045 ud
990 3991 1143 4045 Veneticum
1162 3990 1257 4045 bellura
1276 3989 1310 4045 ci.

96 4083 268 4137 dielleueter
277 4083 355 4135 einen
364 4097 449 4151 regen
457 4081 677 4138 Scbiffsuerkelu·
730 4099 765 4137 zu
784 4081 831 4135 111.
851 4084 875 4135 9.
898 4084 920 4135 l.

96 4170 677 4238 mitBritannieubattanmomuisdiegtns·
767 4173 792 4227 5.
810 4168 994 4237 polliceantur
1015 4166 1121 4221 obsides
1145 4166 1212 4221 dure
1229 4172 1311 4234 utque

95 4259 168 4315 liobe
186 4259 324 4315 Unkuude
351 4260 399 4316 der
423 4276 476 4315 von
495 4259 524 4317 C.
548 4275 583 4314 uu
605 4260 678 4315 Bate
732 4257 974 4325 ...obtemperare
995 4255 1087 4311 Dutch
1101 4255 1152 4311 den
1168 4256 1218 4311 luf.
1232 4256 1311 4313 Pras.
1395 4318 1396 4321 Ἴ
