2934 4750
97 253 102 262 Δ
182 181 243 242 100
623 243 627 250 ,
647 190 690 245 De
707 189 781 244 bello
801 188 913 245 Gallico.

232 332 363 399 concilio
387 335 519 413 repente
549 337 645 396 cantu
674 331 824 396 tubarum
854 333 1026 396 convocato
1057 329 1264 411 conclamant·
1293 330 1395 412 legati

231 439 419 519 obsidesque
441 437 483 502 ad
506 435 674 504 Gaesarem
699 437 874 502 mittantur.

197 557 212 606 1
337 549 389 610 21.
424 543 491 608 Hoc
514 543 659 608 omnibus
682 542 818 625 probato
843 541 973 608 consilio
997 540 1157 606 Commius
1181 539 1319 607 Atrebas
1353 542 1395 605 ad

230 668 284 716 eos
307 648 447 731 confugit
470 649 656 728 Germanos,
681 667 700 713 a
724 649 837 730 quibus
861 647 902 712 ad
925 648 957 711 id
980 647 1096 712 bellum
1121 633 1242 711 auxilia
1266 651 1394 712 mutua-

195 767 211 816 2
230 761 282 821 tus
305 760 384 822 erat.
431 753 537 819 Ceteri
553 754 720 836 evestigio
738 755 867 818 mittunt
882 753 923 817 ad
940 752 1109 817 Gaesarem
1125 739 1247 834 legatos
1263 758 1395 834 petunt-

230 879 300 943 que,
324 866 360 925 ut
383 877 421 924 ea
443 877 545 940 poena
567 861 610 922 sit
632 865 801 924 contentus
824 858 971 936 hostium,
996 857 1143 939 quamsi
1166 858 1234 922 sine
1262 859 1394 924 dimica-

231 968 317 1032 tione
339 964 457 1030 inferre
480 965 613 1046 integris
636 969 752 1046 posset,
775 982 833 1044 pro
856 982 914 1028 sua
929 950 1107 1028 ¹clementia
1131 967 1226 1045 atque
1249 964 1394 1029 hnmani·

195 1077 297 1136 atate
320 1088 492 1151 numquam
516 1067 658 1151 profecto
682 1075 768 1133 esset
780 1068 944 1135 inlaturus.
993 1065 1145 1140 Adflictas
1164 1087 1240 1151 opes
1252 1073 1394 1149 equestri

230 1176 349 1259 proelio
379 1175 620 1241 Bellovacorum
652 1192 738 1252 esse3
770 1174 965 1239 delectorum
998 1174 1140 1254 peditum
1170 1174 1270 1239 multa
1304 1176 1393 1240 milia

194 1281 388 1358 4interisse;
411 1281 462 1345 uin
484 1279 638 1361 refugisse
661 1280 789 1344 nuntios
814 1269 929 1344 caedis.
976 1278 1094 1344 Tamen
1117 1297 1276 1360 magnum,
1302 1285 1338 1364 pt
1361 1282 1394 1345 in

230 1390 320 1452 tanta
342 1385 531 1465 calamitate,
556 1385 738 1450 Bellovacos
761 1403 798 1449 eo
822 1383 942 1466 proelio
967 1384 1164 1452 commodum
1188 1403 1258 1449 esse
1282 1405 1393 1452 conse-

163 1532 165 1535 ·
231 1498 331 1571 cotos,
355 1491 438 1573 quod
462 1490 607 1570 Correus,
631 1496 745 1556 auctor
766 1490 850 1568 belli,
874 1491 1051 1556 concitator
1068 1490 1289 1569 multitudinis,
1307 1500 1393 1557 esset

160 1602 163 1606 ’
229 1596 429 1675 interfectum
459 1615 630 1677 numquam
664 1597 746 1660 enim
781 1601 941 1682 senatum
960 1600 1083 1660 tantum
1113 1596 1146 1660 in
1176 1597 1306 1662 civitate
1338 1597 1393 1684 illo

229 1705 310 1786 vivo,
333 1709 487 1784 quantum
509 1702 689 1783 imperitam
712 1701 837 1781 plebem
860 1701 1011 1782 potuisse.

195 1825 208 1872 1
336 1813 388 1890 22.
423 1808 512 1872 Haec
534 1807 700 1872 orantibus
723 1806 837 1888 legatis
861 1795 1087 1871 commemorat
1110 1805 1243 1871 Caesar:
1268 1807 1394 1872 Eodem

90 1901 93 1904 ⁴
229 1921 372 1996 tempore
394 1914 559 1995 superiore
584 1931 667 1978 anno
689 1913 878 1979 Bellovacos
902 1919 1088 1993 ceterasque
1105 1911 1229 1986 Galliae
1245 1914 1393 1978 civitates

229 2021 406 2102 suscepisse
429 2020 562 2097 bellum;
584 2019 836 2100 pertinacissime
859 2018 916 2083 hos
941 2037 979 2082 ex
1002 2018 1146 2084 omnibus
1168 2019 1201 2085 iu
1232 2021 1393 2085 sententia

229 2127 440 2208 permansisse
464 2143 567 2206 neque
589 2124 629 2189 ad
652 2125 822 2189 sanitatem
847 2124 1040 2204 reliquorum
1056 2123 1216 2188 deditione
1233 2142 1304 2189 esse
1321 2143 1391 2205 per-

192 2233 350 2298 aductos.
398 2232 485 2297 Scire
514 2237 611 2310 atque
637 2230 824 2310 intellegere
852 2247 886 2294 se
909 2247 1050 2294 causam
1084 2231 1207 2310 peccati
1237 2228 1390 2295 facillime

228 2339 362 2404 mortuis
396 2336 546 2419 delegari.
593 2335 759 2401 Neminem
791 2352 864 2402 vero
893 2339 1017 2411 tuntum
1051 2334 1179 2417 pollere,
1220 2341 1256 2400 ut
1284 2336 1391 2402 invitis

228 2443 429 2525 principibus,
463 2443 633 2507 resistente
670 2447 793 2520 senatu,
832 2442 977 2506 omnibus
1014 2441 1103 2507 bonis
1139 2443 1391 2524 repugnantibus

227 2547 352 2613 infirma
374 2566 468 2613 manu
498 2548 600 2629 plebis
632 2547 749 2611 bellum
781 2548 943 2612 concitare
973 2554 1006 2611 et
1037 2565 1150 2629 gerere
1177 2554 1306 2629 posset;
1335 2550 1390 2613 secl

227 2658 335 2719 tamen
358 2671 391 2717 se
414 2658 596 2718 contentum
608 2651 676 2716 fore
692 2672 730 2717 ea
746 2670 857 2733 poena,
882 2671 976 2733 quam
992 2654 1051 2717 sibi
1069 2653 1128 2734 ipsi
1145 2656 1388 2719 contraxissent.

169 2762 207 2827 ’,ι
334 2764 386 2823 23.
420 2758 520 2823 Nocte
547 2759 724 2839 insequenti
753 2758 853 2840 legati
880 2776 1031 2839 responsa
1061 2758 1102 2823 ad
1134 2776 1209 2823 suos
1237 2758 1389 2837 referunt,

227 2848 352 2932 obsides
386 2864 564 2949 conficiunt.
625 2847 825 2929 Concurrunt
857 2863 1049 2945 reliquarum
1082 2864 1246 2929 civitatum
1278 2865 1387 2947 legati,

192 2986 308 3052 aquae
332 2970 570 3035 Bellovacorum
594 2970 841 3051 speculabantur
864 2976 1022 3036 eventum.
1070 2970 1206 3037 Obsides
1223 2970 1310 3049 dant,
1331 2971 1388 3034 im-

227 3080 338 3159 perata
361 3074 482 3141 faciunt
505 3079 634 3157 excepto
659 3072 811 3154 Commio,
835 3094 928 3156 quem
952 3076 1047 3140 timor
1071 3075 1260 3157 prohibebat
1284 3076 1389 3141 cuius-

89 3356 92 3361 ·
209 3285 256 3340 21.
295 3290 318 3338 1.
337 3284 446 3337 aurelia
464 3290 606 3337 mutuatus
625 3290 697 3349 erat,
717 3283 753 3338 cf.
811 3274 885 3337 '22
923 3288 946 3337 2.
966 3284 1086 3352 delegari
1111 3284 1319 3352 „ausgebtfrrlet,
1345 3291 1400 3351 ge?

174 3390 196 3427 e.
217 3377 241 3428 7.
261 3377 286 3427 6.
808 3372 926 3425 schoben
936 3373 1078 3435 werden“;
1097 3372 1223 3439 delegare
1233 3372 1272 3427 ist
1285 3374 1391 3442 cigent-

209 3465 234 3514 2.
253 3460 377 3530 integris,
396 3460 448 3515 ehe
461 3460 501 3514 'sie
514 3461 575 3515 eine
587 3459 753 3528 Niederlage
807 3460 862 3513 lieh
882 3461 925 3513 ein
935 3459 1114 3528 juristischer
1127 3458 1274 3513 ausdruck
1284 3484 1319 3505 =
1330 3462 1390 3515 eine

174 3549 288 3603 erlitten
307 3548 402 3602 hatten
427 3547 482 3601 und
506 3549 576 3602 noch
600 3548 645 3602 bei
663 3548 754 3602 vollen
807 3547 932 3615 Zahlung
952 3548 1037 3602 selbst
1050 3547 1126 3601 nicht
1139 3548 1248 3615 leisten,
1268 3548 1389 3603 sondern

80 3702 85 3713 ι
173 3636 292 3692 Kraftcn
311 3651 411 3690 waren,
571 3647 573 3651 ·
752 3628 755 3634 ’
809 3637 927 3691 dieselbe
958 3638 1046 3691 eiaem
1077 3637 1181 3690 andern
1212 3637 1388 3703 ubertragen.

92 3783 95 3788 ⁴
208 3728 235 3777 4.
253 3725 334 3777 utin
352 3730 433 3777 tanta
451 3725 620 3788 calamitate,
640 3725 684 3779 bei
704 3724 753 3780 der
808 3753 838 3763 -
860 3724 983 3778 omuibus
1002 3724 1087 3792 bonis,
1106 3724 1161 3779 alle
1174 3724 1385 3792 Gutgesinntem

173 3812 465 3880 grossenNiederlage
483 3814 585 3867 konnte
604 3812 753 3880 allerdings
808 3813 851 3867 die
869 3812 919 3866 das
940 3813 1022 3866 Wohl
1050 3814 1098 3867 cles
1117 3812 1227 3869 Staates
1254 3814 1291 3865 im
1312 3815 1389 3879 Auge

173 3916 227 3953 von
255 3900 346 3954 einem
372 3901 481 3954 Vorteil
509 3901 585 3955 nicht
609 3900 653 3955 (lie
676 3901 753 3955 Reda
807 3901 904 3954 haben.

174 3987 245 4049 sein;
270 4005 305 4040 au
325 3988 385 4042 dem
403 3988 648 4043 beschranlrenden
673 3979 751 4042 utin
791 4013 800 4023 -
840 3987 886 4043 23.
939 3993 961 4043 1.
999 3988 1105 4041 obsides
1141 3988 1310 4059 conficiant,
1351 3990 1389 4042 sie

173 4073 409 4141 nuvollstiindigen
429 4075 529 4129 Sttzen
552 4076 586 4129 cf.
605 4076 652 4129 VL
672 4079 752 4130 34.7
805 4076 921 4143 bringen
955 4077 998 4130 die
1034 4077 1128 4145 notige
1168 4076 1238 4131 Zahl
1274 4076 1389 4132 Geiseln

174 4170 206 4226 ut
227 4161 256 4214 in
281 4162 412 4215 eiusmodi
443 4162 655 4217 difficultatibus
679 4164 704 4217 b.
729 4180 752 4217 c.
806 4181 980 4233 zusammen,
1006 4166 1040 4219 cf.
1054 4166 1087 4220 b.
1106 4182 1130 4219 c.
1151 4166 1172 4220 l.
1190 4169 1269 4222 24.,2
1290 4181 1333 4231 err¹
1347 4166 1389 4218 his

173 4246 210 4298 II.
229 4250 270 4299 42.
292 4252 304 4301 1
326 4255 358 4301 ut
376 4249 404 4301 in
422 4250 533 4304 miseris
551 4251 642 4305 rebus.
745 4323 747 4327 Δ
808 4253 917 4306 circiter
938 4252 1002 4307 CCC
1021 4254 1129 4321 equites
1149 4252 1267 4309 conficit.
