2934 4750
534 216 635 271 comm.
655 217 714 271 VII.
736 220 847 270 16—16.

1165 207 1298 267 ’19

82 357 355 439 longinquioribus
393 358 469 422 vicis
503 358 616 423 adacto
652 362 825 424 extremam
862 357 978 423 famem
1017 362 1244 439 sustentarent,

82 461 172 527 nulla
194 466 301 526 tamen
325 481 385 526 vox
408 469 458 527 est
479 462 521 527 ab
543 463 582 526 iis
605 462 717 528 audita
741 463 848 545 populi
870 462 1194 529 Romanirnaiestate
1215 468 1248 528 et

83 569 300 651 superioribus
323 568 463 633 victoriis
478 569 619 650 indigua.
666 569 749 646 Quin
766 569 861 634 etiam
880 567 1000 648 Caesar
1016 587 1087 634 cum
1103 568 1135 632 in
1151 588 1245 652 opere
1265 583 1282 631 4

83 672 226 758 siugulas
248 672 389 755 legiones
412 673 591 756 appellaret
613 681 655 755 et,
679 675 706 738 si
727 673 873 739 acerbius
895 674 1032 765 inopiam
1054 672 1183 754 ferrent,
1214 693 1248 770 se

84 778 286 844 dimissurum
303 780 569 860 oppugnationem
585 779 714 860 diceret,
730 780 868 844 universi
885 780 925 845 ab
941 798 988 859 eo,
1013 798 1053 844 ue
1067 779 1101 842 id
1116 778 1246 860 faceret,

84 885 249 966 petebant:
272 884 317 948 sic
340 902 374 948 se
397 883 574 965 complures
596 902 698 950 anuos
726 885 783 949 illo
812 885 1002 966 imperante·
1019 885 1182 967 meruisse,
1212 891 1248 951 ut
1267 899 1282 948 5

85 988 206 1054 nullam
228 989 432 1070 ignominIom
455 990 646 1072 acciperent,
670 989 960 1070 nusquaminfecta
983 1009 1019 1054 re
1034 990 1246 1056 discederent:

85 1095 147 1165 hoo
178 1113 213 1160 se
245 1095 438 1176 ignominiae
468 1094 591 1160 laturos
621 1096 701 1170 loco,

731 1096 761 1160 si
787 1096 946 1176 inceptam
978 1098 1281 1178 oppugnationema

86 1199 301 1282 reliquissent,
332 1205 497 1281 praestare
526 1219 635 1265 omnes
663 1199 804 1282 perferre
832 1202 1034 1281 acerbitates
1064 1219 1157 1283 quarn
1185 1215 1282 1266 nonu
1386 1245 1387 1250 κ

86 1306 206 1370 civibus
236 1305 395 1385 Romania,
429 1307 482 1387 qui
525 1304 645 1371 Cenabi
681 1304 814 1388 perfidia
851 1299 1015 1372 Gallorum
1055 1308 1247 1387 interissent,

86 1416 302 1493 peroptarent.
354 1410 443 1476 Haec
476 1411 588 1476 eadem
620 1411 857 1480 centurionibus
883 1413 1084 1492 tribunisque
1112 1412 1283 1478 militans

86 1516 291 1601 mandabant,
315 1521 351 1580 ut
374 1535 432 1601 per
454 1534 507 1581 eos
530 1516 578 1581 ad.
595 1515 764 1582 Caesarem
788 1515 997 1596 deferrentur.

194 1615 246 1688 18.
285 1619 366 1685 Cum
388 1622 450 1686 iam
473 1640 563 1686 muro
587 1628 691 1686 turres
714 1623 1032 1703 appropinquassent,
1056 1641 1095 1686 ex
1115 1623 1282 1704 captiaisr
1319 1651 1320 1654 ¹

88 1727 209 1792 Caesar
231 1727 380 1808 cognovit
403 1727 696 1810 Vercingetorigem
719 1736 906 1809 consumpto
922 1727 1040 1809 pabulo
1057 1732 1163 1792 castra
1183 1736 1250 1793 mo-
1315 1801 1318 1807 .
1360 1807 1364 1814 ⁴
1414 1789 1415 1794 ,

87 1834 171 1898 visse
194 1833 322 1913 propius
346 1834 513 1898 Avaricum
536 1839 633 1915 atque
655 1834 758 1915 ipsum
777 1851 847 1898 oum
863 1835 1009 1914 equitatu
1025 1833 1249 1914 expeditisque,

88 1938 143 2020 qui
174 1939 257 2002 inter
288 1938 411 2018 equites
439 1939 587 2020 proeliari
621 1943 837 2016 consuessent,
865 1939 1051 2003 insidiarum
1086 1956 1181 2002 causa
1214 1957 1251 2004 eo

88 2042 274 2126 proiectum,
287 2061 348 2124 quo
364 2049 489 2109 nostros
503 2051 630 2126 postero
647 2044 697 2109 die
712 2043 897 2126 pabulatum
914 2049 1064 2110 venturos
1080 2044 1252 2133 arbitrare·

88 2156 153 2216 tur.
200 2148 321 2226 Quibus
343 2149 438 2213 rebus
461 2150 596 2230 cognitis
620 2150 722 2216 modia
746 2158 839 2214 nocte
866 2148 992 2214 silentio
1020 2147 1195 2231 protectus
1212 2149 1288 2216 ada
1322 2189 1329 2199 ι

90 2255 229 2321 hostium
253 2258 357 2320 castra
380 2273 473 2318 mane
496 2256 651 2338 pervenit.
697 2255 747 2320 llli
777 2255 922 2343 celeriter
948 2273 1007 2340 per
1035 2253 1252 2336 exploratores
1272 2267 1287 2318 3

92 2361 233 2426 adventu
256 2357 403 2425 Caesaris
419 2362 546 2442 cognito
563 2380 670 2427 carros
686 2361 974 2447 impedimentaque
990 2378 1049 2426 sua
1072 2361 1254 2429 inertiores

92 2467 188 2531 silvas
212 2466 413 2546 abdiderunt,
447 2468 554 2548 copias
584 2469 687 2533 omnis
717 2468 750 2531 iu
784 2468 854 2532 loco
890 2467 977 2533 edito
1013 2472 1109 2548 atque
1142 2473 1254 2549 aperto

49 2737 54 2747 .
92 2694 148 2748 soll
176 2683 224 2747 der
252 2693 330 2761 Gonj.
353 2692 513 2761 Imperfecti
532 2687 602 2747 'hier
630 2694 673 2748 dle

83 2771 333 2847 'Gleichzeitigkeit
368 2780 417 2844 dos
460 2782 575 2835 aweiten
611 2780 700 2847 Um·-

93 2869 208 2923 standes
227 2872 389 2935 (extremam
406 2868 506 2923 famem
536 2876 675 2928 sustenta-

24 3013 37 3030 ,
95 2956 167 3024 rent)
182 2955 310 3009 mitdem
323 2965 415 3010 ersten
429 2956 577 3022 (frumento
597 2973 675 3011 caru·

95 3044 180 3110 erint)
206 3044 355 3098 bosonders
373 3044 554 3099 ausdrucken.
581 3111 584 3118 ι

131 3137 156 3186 4,
177 3131 359 3197 Caesareum,
379 3133 453 3187 diese
467 3124 677 3201 Wortstellnng,

95 3220 203 3275 obwobl
228 3218 329 3274 Caesar
353 3221 503 3275 nicht-das
530 3222 605 3290 Sobj.
628 3222 678 3276 des

97 3310 283 3377 Hauptsatzes
303 3310 356 3377 ist,
381 3308 415 3363 cf.
434 3308 482 3363 IV.
507 3315 548 3363 11.
570 3315 583 3363 l
603 3310 677 3363 VIII.

100 3402 221 3451 1.1.-—
245 3396 277 3448 iu
301 3410 395 3463 opere,
424 3397 467 3450 bei
496 3398 544 3451 der
569 3384 685 3465 Fertig?

728 2733 734 2746 .
755 2734 760 2749 t
783 2735 788 2748 .
808 2694 867 2761 ipse
881 2693 1035 2760 periturum
1048 2710 1078 2747 se
1091 2695 1183 2761 potius
1198 2694 1324 2775 dixerit,-

729 2797 810 2849 quam
820 2798 880 2835 cum
889 2788 966 2835 tanto
972 2780 1077 2848 flagitio
1084 2782 1192 2835 domum
1202 2782 1313 2835 rediret.
1327 2776 1329 2779 ’

730 2870 837 2925 cornel.
850 2870 928 2924 Eum.
952 2875 992 2926 ll.
1005 2873 1022 2923 4
1035 2886 1084 2924 our
1098 2887 1151 2925 aon
1165 2872 1192 2924 iu
1205 2870 1310 2939 proelio
1405 2882 1408 2887 '

731 2957 857 3011 cecidisti
893 2958 986 3024 potius
1021 2950 1107 3024 quam
1134 2960 1162 3012 in
1193 2964 1313 3027 potesta·

731 3051 785 3099 tem
816 3046 917 3098 inimici
945 3046 1073 3099 renIres?
1103 3076 1137 3085 -·
1151 3052 1313 3113 percutere,

731 3132 877 3199 eigentlioh
889 3134 941 3188 den
954 3134 1054 3187 Eltern
1074 3134 1141 3187 oder
1160 3135 1313 3204 uberhaupt

731 3228 828 3275 teuren
842 3222 982 3275 Personen
994 3210 1078 3299 etwas
1092 3222 1133 3276 als
1144 3223 1314 3291 Toteuopfer

733 3307 917 3377 darbringen,
949 3308 1053 3364 sodann
1073 3310 1234 3379 „jemandos
1254 3312 1314 3366 Tod

733 3395 820 3450 durch
845 3404 928 3451 etwas
947 3397 1076 3463 rdchen“,
1095 3397 1201 3451 otiis.
1215 3398 1313 3453 XXIV.
1413 3440 1422 3447 .,

98 3484 218 3552 stellnng
237 3484 284 3538 des
303 3484 635 3552 Annttherungsdammea.
734 3488 777 3537 21.
796 3486 1022 3552 2parontandum
1035 3486 1094 3555 regi
1108 3488 1240 3555 sanguiue
1251 3503 1314 3541 con·
1363 3528 1366 3533 -
1419 3527 1421 3531 ,

135 3576 159 3625 7.
174 3577 322 3637 praestare
347 3586 436 3624 omues
454 3573 580 3639 perferre
606 3588 680 3625 ocer-
734 3573 886 3627 iuratorum
905 3590 975 3631 esso.
1028 3594 1033 3605 ·
1118 3624 1119 3629 ,
1167 3560 1168 3563 “
1238 3591 1251 3642 '.

99 3659 208 3725 bitatea,
231 3675 313 3726 quom
335 3674 393 3711 uou
411 3700 418 3714 .
437 3701 444 3714 .
464 3700 470 3713 .
489 3666 680 3727 percuterent,
769 3662 794 3716 8.
813 3660 985 3729 tribunisque
997 3661 1123 3727 utilitum,
1145 3660 1180 3715 of.
1198 3661 1218 3713 I.
1233 3664 1276 3719 39.
1290 3666 1315 3715 2.

100 3746 681 3816 indemVergleichungs'satze‚inuelchem
770 3748 816 3801 18.
855 3752 879 3802 1.
903 3749 1020 3817 propius
1047 3750 1212 3815 Auaricum,
1246 3750 1318 3803 nach

100 3834 148 3889 wIe
175 3850 198 3889 o.
221 3838 243 3888 l.
263 3838 280 3889 8
298 3852 328 3893 u.¹
344 3851 367 3892 c.
388 3838 429 3889 10.
448 3840 465 3888 2
494 3836 543 3890 der
561 3836 681 3892 Infinitiv
736 3834 1317 3903 Metron-sordente,vierStundenWeges

100 3923 197 3976 stehen
217 3923 331 3988 konnte,
359 3921 434 3975 steht
463 3921 521 3976 hier
541 3923 589 3978 der
607 3923 682 3977 Kon·
736 3921 932 3977 nordwestlich
951 3940 1003 3977 von
1024 3928 1180 3979 Avaricum.
1193 3954 1227 3962 -
1240 3940 1318 3991 eupo-

97 4010 222 4078 junktiv‚
251 4027 294 4064 um
323 4010 366 4063 die
394 4010 488 4064 Raahe
514 4010 559 4064 fur
583 4010 627 4064 die
654 4011 683 4079 in
737 4009 870 4077 ditisque,
901 4011 948 4079 qua'
965 4000 1039 4065 iuter
1056 4012 1159 4087 equites
1182 4012 1320 4079 proeliari

15 4153 22 4167 ,
102 4097 241 4152 Geadbnm
259 4097 434 4151 ermordeten
447 4098 682 4157 rdmisehenBitr·
736 4106 918 4165 consuessent,
936 4100 1055 4155 dissolbe
1066 4098 1320 4167 Kampfesartwird

101 4175 151 4254 g'er
174 4186 216 4240 als
239 4185 311 4239 feste
336 4184 452 4238 Absicht
481 4186 528 4239 der
552 4185 683 4240 Soldaten
737 4186 862 4240 erathnt
891 4204 914 4241 c.
943 4189 1021 4268 364
1045 4203 1067 4243 c.
1086 4188 1129 4240 60.
1159 4191 1189 4253 3,
1207 4186 1320 4239 beiden
1348 4263 1352 4269 ι

102 4274 295 4352 binaostellen,
315 4272 349 4326 ct.
363 4272 469 4327 Comei.
482 4273 561 4327 Ham.
582 4277 606 4327 1.
626 4276 683 4327 but
738 4272 893 4327 Germanou
911 4273 932 4328 I.
952 4276 996 4327 46.
1015 4277 1032 4328 6
1051 4274 1124 4327 VIII.
1146 4277 1187 4327 13.
1207 4279 1232 4327 2.

1188 4366 1215 4408 2*
