2934 4750
91 3264 96 3282 t
168 3231 280 3287 wurden
300 3234 342 3288 dic
362 3233 464 3289 Schiffe
482 3235 750 3290 nordnordwestiich

168 228 207 289 12
642 242 682 296 De
702 241 775 296 bello
789 241 903 296 Gallico.

221 401 292 448 cum
315 385 452 465 quinque
474 383 650 465 legionibus
674 389 706 448 et
728 385 796 466 pari
818 401 951 448 numero
974 384 1124 465 equitum,
1148 401 1241 465 quem
1260 385 1295 448 in
1313 400 1386 448 con·

219 489 333 554 tinenti
355 488 535 571 reliquerat,
560 490 601 553 ad
623 489 697 554 solis
720 507 866 554 occasum
892 507 988 554 naves
1012 489 1119 568 solvit3
1143 495 1176 554 et
1197 489 1261 554 leni
1277 487 1386 552 Africo

218 601 386 675 provectus
415 595 522 660 media
552 595 677 660 circiter
707 599 801 660 nocte
830 599 924 660 vento
955 595 1134 662 intermisso
1164 613 1291 661 cursum
1325 611 1386 659 non

218 701 321 764 tenuit
343 705 375 764 et
398 700 522 780 longius
546 701 669 765 delatus
684 707 776 765 aestu
791 706 863 766 orta
880 701 949 766 luce
965 701 1023 764 sub
1039 701 1168 766 sinistra
1184 700 1387 766 Britanniam

184 827 200 877 3
219 805 361 870 relictam
383 807 556 886 conspexit.
590 805 670 869 Tum
693 823 804 870 rursus
827 810 934 871 aestus
958 806 1234 871 commutationem
1256 811 1389 870 secutus

218 911 313 976 remis
337 912 509 992 contendit,
533 920 569 976 ut
592 930 663 976 eam
687 917 811 992 partem
832 911 955 976 insulae
978 918 1111 993 caperet,
1142 929 1205 993 qua
1228 912 1387 993 optimum

183 1035 287 1089 cesse
317 1036 479 1098 egressum
510 1019 671 1099 superiore
701 1023 824 1082 aestate
855 1023 1052 1098 cognoverat.
1100 1017 1170 1094 Qua
1200 1017 1232 1080 in
1264 1035 1300 1080 re
1332 1016 1388 1080 ad-

191 1126 194 1132 '
218 1123 345 1188 modum
368 1121 428 1186 fuit
450 1123 585 1187 militum
608 1123 709 1187 virtus
731 1122 901 1203 laudanda,
925 1124 977 1204 qui
1001 1123 1146 1188 vectoriis
1169 1123 1388 1205 gravibusque

218 1228 350 1308 navigiis
374 1247 437 1292 non
459 1229 637 1293 intermisso
660 1228 836 1309 remigandi
858 1228 967 1294 labore
986 1227 1153 1310 longarum
1169 1229 1299 1292 navium
1317 1245 1387 1291 cur·

185 1356 201 1405 5
220 1351 289 1396 sum
306 1334 532 1414 adaequarunt.
570 1336 741 1399 Accessum
757 1339 808 1399 est
823 1334 863 1398 ad
879 1333 1074 1398 Britanniam
1090 1334 1234 1398 omnibus
1251 1333 1387 1398 navibus

220 1439 393 1504 meridiano
417 1437 483 1502 iere
505 1444 656 1520 tempore,
681 1457 782 1521 neque
804 1440 837 1503 in
860 1457 897 1503 eo
913 1439 981 1504 loco
1005 1439 1104 1504 hostis
1128 1445 1178 1504 est
1202 1439 1303 1522 visus;
1330 1439 1389 1503 sed

186 1566 203 1617 6
223 1550 259 1608 ut
282 1549 393 1626 postea
415 1541 534 1608 Caesar
563 1563 601 1608 err
624 1545 756 1626 captivis
780 1545 934 1627 cognovit,
959 1563 1030 1610 cum
1054 1562 1187 1624 magnae
1209 1562 1326 1609 manus
1351 1563 1387 1608 eo
1453 1537 1454 1568 *

221 1651 450 1729 convenissent,
481 1650 684 1715 multitudine
708 1651 836 1726 navium
860 1651 1056 1730 perterritae,
1087 1668 1261 1732 quaecum
1288 1668 1387 1714 anno-

220 1757 292 1820 tinis
315 1756 519 1837 privatisque,
544 1774 624 1837 quas
647 1757 697 1820 sui
720 1757 852 1838 quisque
869 1756 1024 1821 commodi
1048 1775 1144 1820 eausa
1166 1755 1294 1836 fecerat,
1321 1773 1387 1820 am·

220 1861 304 1944 plius
327 1862 524 1942 octingentae
543 1881 604 1926 uno
620 1870 711 1926 erant
736 1863 822 1926 visae
845 1866 994 1943 tempore,
1018 1881 1037 1926 a
1061 1863 1151 1926 litore
1175 1861 1387 1926 discesserant

219 1985 312 2030 aesc
335 1967 367 2030 in
391 1969 557 2048 superiora
579 1969 649 2032 loca
671 1967 869 2032 abdiderant.

186 2096 197 2144 1
309 2078 339 2139 9.
372 2072 491 2138 Caesar
521 2075 662 2155 exposito
694 2074 835 2138 exercitu
859 2077 891 2138 et
914 2072 982 2138 loco
1007 2072 1121 2136 eastris
1144 2073 1257 2138 idoneo
1282 2077 1385 2154 capto,

219 2178 275 2242 ubi
305 2197 341 2242 ex
372 2179 503 2260 captivis
534 2164 689 2260 cognorit,
719 2198 781 2260 quo
810 2179 844 2242 in
871 2178 939 2243 loeo
970 2177 1108 2243 bostium
1138 2179 1246 2259 copiae
1276 2196 1385 2244 conse-

221 2283 350 2362 dissent,
374 2284 557 2349 cohortibus
581 2286 690 2350 decem
706 2285 747 2349 ad
763 2303 850 2348 mare
867 2284 985 2348 relictis
1002 2290 1034 2348 et
1050 2284 1207 2364 equitibus
1223 2284 1385 2359 trecentis,

203 2444 228 2494 2.
243 2441 312 2507 pori
328 2457 439 2494 ooowro
452 2442 580 2510 equitum,
593 2459 678 2511 quem,
689 2449 749 2506 etc.;
804 2442 923 2495 muisten
933 2448 1113 2509 angestrengt
1126 2440 1237 2507 rudern,
1252 2458 1300 2497 um
1313 2441 1386 2495 nicht

169 2550 201 2571 =
221 2528 311 2581 codem
335 2544 456 2595 onorem,
486 2545 562 2596 quem
580 2538 647 2599 etc.;
673 2539 751 2585 sonet
804 2531 891 2585 durch
915 2530 958 2585 die
979 2531 1083 2599 jetzige
1109 2530 1259 2597 Strdmnng
1284 2530 1385 2583 wieder

170 2616 368 2682 ungcwdhiicb.
382 2646 414 2656 —
427 2607 610 2671 ndoeaaoloit.
630 2618 750 2672 DieAb-
803 2636 836 2673 zu
864 2619 926 2674 weit
954 2618 1025 2673 nach
1053 2618 1211 2673 dewesten
1242 2618 1385 2685 getrieben

169 2702 750 2772 fabrtfandwabrscheinlicham20.Juni,
803 2724 837 2761 zu
867 2706 984 2761 werden.
1016 2736 1049 2745 -
1081 2722 1137 2773 qua
1156 2748 1162 2761 .
1183 2748 1189 2760 .
1214 2708 1385 2774 cognoverat,

169 2790 204 2846 cf.
217 2792 272 2847 Cic.
282 2792 317 2847 ad
326 2794 385 2847 Arc.
396 2794 442 2847 1V.
458 2794 499 2862 15,
510 2793 556 2848 die
566 2794 750 2863 Landungam
803 2795 939 2849 zuischen
952 2794 1013 2849 dem
1030 2794 1162 2861 beutigen
1175 2792 1385 2849 Walmercaatle

169 2879 750 2951 folgendenTagestatt.-lonqiusdelatue
803 2882 857 2937 und
875 2882 954 2937 Deal.
974 2882 1007 2938 cf.
1027 2882 1073 2937 IV.
1094 2887 1137 2937 23.
1157 2886 1182 2937 6.

168 2973 253 3021 aestu.
284 2968 328 3023 Da
347 2970 391 3036 ein
406 2970 533 3045 ⁴gelinder
552 2970 750 3026 Siidweatwind
837 2991 862 3047 4,
890 2988 1017 3043 vectoriis
1044 2988 1228 3057 maciemque
1255 2986 1385 3057 nauigiis,

167 3055 232 3121 (leni
242 3055 346 3125 Αἷΐῑῦθ)
358 3058 456 3127 wehte,
475 3058 530 3113 und
543 3058 587 3114 (¹50
603 3060 749 3127 stromung
803 3076 864 3131 Abl.
874 3076 951 3131 instr.
972 3078 1037 3146 ,mit
1050 3075 1101 3131 den
1115 3076 1220 3131 sohwcr
1233 3075 1384 3131 baladenen

168 3160 222 3197 ron
239 3144 362 3199 Nordost
381 3146 451 3201 nach
471 3146 596 3201 dewest
615 3148 689 3216 ging,
717 3163 749 3201 so
804 3164 1101 3232 Trangportsehiffenfl

324 3322 329 3334 .
402 3323 408 3335 .
533 3324 539 3335 .
839 3273 863 3325 5.
891 3270 1035 3325 Accessum
1061 3276 1100 3324 eat
1129 3276 1180 3325 etc.
1230 3269 1308 3323 Nach
1334 3268 1384 3321 Dio

168 3335 256 3387 gagen
283 3322 444 3376 Brrtennren
472 3324 618 3389 getrreben.
659 3324 749 3378 Nach·
804 3358 880 3413 Cass·
909 3362 952 3412 40·
979 3364 993 3412 1
1024 3358 1133 3413 landem
1166 3358 1214 3412 das
1246 3356 1321 3411 ΗΘΜ
1351 3371 1383 3410 an

169 3406 230 3461 dem
248 3425 293 3462 um
312 3410 492 3466 Mitternacht
511 3411 666 3466 Windstillc
694 3413 750 3465 ein·
804 3447 950 3501 mehreren
968 3446 1094 3501 pumen
1112 3445 1247 3514 zugleich·

168 3503 296 3563 getreten
315 3514 381 3565 war,
410 3498 508 3567 schiug
535 3499 578 3553 die
602 3500 749 3567 stromung

168 3584 196 3637 in
224 3584 284 3638 eine
312 3586 498 3641 nordbstliche
533 3604 586 3654 um,
624 3603 654 3642 so
689 3587 750 3642 dass

168 3670 213 3725 die
240 3672 334 3728 Flotte
366 3676 461 3728 weiter
479 3676 564 3729 ⁴uucb
591 3676 750 3731 Nordosten

167 3759 346 3827 verscblagen
366 3762 467 3826 wurde,
496 3763 550 3817 und
588 3764 630 3819 die
660 3764 749 3817 dete

169 3848 348 3904 Britannicus
361 3849 434 3905 iinks
445 3851 507 3917 (sub
519 3852 645 3919 sinistra)
657 3852 749 3905 hinter

169 3937 227 3990 sich
246 3936 318 3994 lieis.

205 4028 230 4079 3.
250 4041 350 4079 rursus
361 4025 455 4079 aestua
467 4027 699 4081 commutationem
710 4043 750 4081 se·

169 4118 255 4167 cutus.
286 4114 380 4183 Gegen
394 4116 510 4184 Morgen
528 4123 589 4189 trac
604 4116 751 4170 wiederum
839 4115 867 4170 9.
906 4120 928 4169 1.
956 4114 1111 4169 cohortibus
1137 4112 1231 4171 decem.
1282 4114 1325 4168 Da
1354 4110 1380 4165 (i.

170 4202 232 4257 eine
249 4202 471 4270 Ruckstromung
494 4204 565 4257 nach
590 4202 751 4257 dewesten
804 4202 868 4257 funi
878 4203 1019 4270 Legionen
1031 4204 1239 4271 mitgenommen
1251 4202 1338 4267 hatte,
1351 4214 1379 4254 so

169 4289 222 4344 ein.
242 4291 374 4344 -remia
392 4290 540 4360 contendit,
566 4296 598 4344 ut
616 4297 668 4345 etc.
705 4290 751 4346 Sie
805 4292 868 4347 lieis
887 4307 918 4347 ar
937 4291 1162 4348 wabrscheinlich
1173 4306 1227 4345 ron
1242 4289 1321 4358 jeder
1333 4289 1378 4342 Le·
1453 4354 1454 4371 Χ

839 3556 864 3607 6.
893 3566 961 3621 cum,
989 3552 1017 3605 in
1036 3551 1222 3606 konzeasivem
1241 3550 1333 3605 Sinne.
1354 3576 1381 3587 -

804 3639 956 3709 annotinis,
984 3640 1027 3693 ein
1046 3639 1115 3693 Jahr
1139 3638 1188 3705 alt,
1217 3638 1242 3693 d.
1262 3638 1288 3691 b.
1309 3653 1383 3705 „ror-

799 3728 923 3797 jahrig“;
943 3744 966 3783 c.
984 3731 1034 3781 i.1
1055 3734 1141 3782 neunt
1153 3727 1182 3782 Ο.
1196 3727 1271 3781 diese
1285 3722 1383 3779 Schiffe
1453 3762 1454 3797 ,

802 3824 918 3871 veteres.
939 3844 973 3855 -
992 3815 1112 3885 qumque,
1135 3816 1209 3870 nicht
1224 3814 1303 3883 jeder
1328 3814 1381 3867 ein·
1453 3804 1454 3869 i

804 3903 892 3972 zelne,
918 3904 1037 3959 sondern
1060 3904 1108 3959 der
1135 3904 1178 3959 die
1203 3902 1293 3957 mittat
1316 3902 1382 3957 datu

803 3992 889 4047 batte.
