2934 4750
156 183 199 262 sd
274 173 278 180 ⁴
437 185 499 237 ’-
626 213 669 268 oe
687 209 761 267 nun
781 196 948 270 craturae.¹
1127 223 1132 232 ·

193 354 445 431 >remansissent
458 392 501 400 -
530 372 667 435 namque
697 373 766 420 esse
794 355 931 436 undique
961 355 1129 437 diligenter
1159 355 1374 437 demigratum

174 471 261 539 3-,
284 461 340 524 sed
363 461 418 541 qui
447 460 632 542 speculandi
660 466 891 526 consuessent
919 461 1053 546 remissi.
1100 462 1126 524 A
1159 451 1274 542 quibus
1302 479 1374 525 curn

209 571 376 646 quaereret
392 564 519 644 Caesar,
533 584 595 647 quo
611 564 681 631 loco
698 565 869 630 multitudo
885 572 970 630 esset
985 565 1234 644 Bellovacorum,
1247 565 1373 646 quodve

173 679 191 729 4
210 675 295 735 esset
317 671 482 735 consilium
499 690 617 750 eorum,
641 670 838 736 inveniebat:
863 671 1047 736 Bellouacos
1070 689 1188 751 omnes
1212 671 1267 752 qui
1282 690 1374 737 arma
1424 735 1428 742 .

208 775 291 840 ferre
315 782 455 857 possent,
479 778 512 841 in
538 795 635 849 unum
663 776 767 860 locum
797 778 990 856 convenisse,
1019 778 1158 858 itemque
1189 777 1373 858 Ambianos,

209 879 373 959 Aulercos
390 879 525 961 Caletos,
538 880 737 959 Veliocassis,
754 879 940 970 Atrebatas3
965 881 1068 947 locum
1086 881 1201 946 castris
1216 882 1373 947 excelsum

209 987 241 1049 in
270 986 350 1050 silve
377 986 578 1051 circumdata·
603 986 719 1067 palude
752 985 918 1068 delegisse,
947 986 1172 1067 impedimenta
1203 988 1312 1052 omnia
1341 987 1373 1051 in

174 1079 378 1156 salteriores
416 1091 514 1156 silvas
552 1090 734 1158 contulisse.
782 1088 967 1174 Complures
1005 1093 1075 1157 'esse
1110 1093 1269 1174 principes
1299 1091 1375 1156 belli

210 1202 365 1274 auctores,
388 1196 446 1260 sed
469 1196 703 1261 multitudinem
726 1197 871 1261 maxime·
884 1195 1000 1262 Correo
1024 1196 1257 1279 obtemperare,
1271 1190 1273 1192 ’
1287 1196 1373 1278 quod

174 1309 190 1359 6
210 1303 240 1366 ei
262 1319 382 1366 summo
406 1319 476 1365 csse
498 1301 570 1366 odio
593 1320 708 1367 nomen
722 1302 831 1382 populi
848 1301 981 1367 Romani
996 1302 1235 1384 intellexissent.-
1259 1301 1373 1367 Paucis

126 1466 131 1474 .
207 1411 286 1472 unte
309 1406 418 1471 diebus
440 1425 478 1471 ex
500 1406 548 1470 his
571 1408 687 1472 castris
710 1408 895 1472 Atrebatem
920 1406 1093 1488 Commium
1121 1408 1304 1472 discessisse
1333 1397 1388 1472 ad'

209 1511 326 1583 auxilie
349 1510 579 1577 Germanorum
603 1512 798 1593 adducenda,
823 1531 956 1594 quorum
979 1518 1012 1578 ct
1034 1513 1180 1579 vicinitas
1196 1513 1375 1594 propinqua

176 1625 191 1674 7
210 1622 243 1682 et
266 1616 435 1681 multitudo
459 1623 545 1682 esset
567 1615 699 1684 infinita.
747 1603 957 1684 Constituisse
982 1625 1088 1683 autem
1104 1618 1291 1684 Bellovacos
1307 1601 1373 1683 onr-

62 1788 65 1792 .
209 1724 296 1796 nium
312 1724 489 1804 principum
504 1741 670 1802 consensu,
686 1741 810 1787 summa
825 1723 925 1805 plebis
941 1725 1123 1805 cupiditate,
1140 1725 1176 1803 si,
1197 1728 1234 1787 ut
1249 1725 1373 1788 dicere·

90 1912 95 1918 ¹
210 1834 271 1918 tur,
297 1829 414 1894 Caesar
439 1847 510 1894 curu
533 1828 636 1893 tribus
659 1829 835 1908 legionibus
856 1830 989 1911 ueniret,
1017 1825 1129 1895 offerre
1153 1847 1187 1894 se
1209 1830 1252 1894 ad
1282 1829 1371 1912 dimi-

210 1933 363 2014 candum,
379 1935 419 2000 n'e
441 1935 605 1999 miseriore
628 1953 666 1999 ac
689 1934 816 1999 duriore
840 1941 952 2016 postea
984 1936 1168 2001 condicione
1199 1953 1272 2000 cum
1305 1939 1377 1999 toto

174 2041 350 2106 Sexercitu
379 2041 543 2105 decertare
580 2044 788 2122 cogerentur;
827 2041 854 2104 si
885 2042 1019 2105 maiores
1051 2041 1157 2121 copias
1189 2040 1373 2120 adduceret,

208 2147 241 2209 in
265 2164 303 2210 eo
331 2144 398 2210 loco
433 2164 630 2228 permanere,
654 2163 756 2227 quem
787 2145 990 2228 delegissent,
1020 2146 1224 2226 pabulatione
1255 2152 1372 2224 autem,

210 2269 290 2330 quae
328 2256 458 2331 propter
490 2251 565 2314 enni
596 2258 721 2331 tempus
753 2270 825 2316 cum
864 2251 976 2331 exigua
1014 2256 1082 2315 tum
1114 2252 1246 2334 disiecta
1280 2255 1372 2328 esset,

210 2363 243 2421 et
273 2348 518 2421 frumentatione
552 2362 584 2421 et
615 2356 738 2438 reliquo
771 2363 950 2423 commeatu
981 2377 1019 2422 en
1054 2357 1175 2422 insidiis
1205 2355 1372 2439 prohibere

210 2461 378 2527 Romanos.
1389 2470 1391 2475 '

178 2571 191 2618 1
318 2570 346 2629 8.
380 2565 469 2643 Quae
491 2563 612 2630 Caesar
634 2567 904 2632 consentientibus
927 2567 1070 2650 pluribus
1102 2584 1170 2631 curu
1200 2558 1370 2651 cognosset

210 2679 307 2753 atque
331 2690 376 2750 ea,
395 2689 476 2753 quae
486 2678 749 2754 proponerentur,
767 2673 897 2739 consilia
910 2674 1004 2755 plena
1015 2673 1205 2754 prudentiae
1217 2674 1375 2755 longeque

191 2869 216 2919 4.
234 2864 399 2930 Ambianos,
429 2863 465 2921 cl.
491 2862 551 2917 VlI.
581 2867 623 2917 75.
648 2869 672 2918 3,
697 2894 729 2904 -
788 2865 921 2931 Stbmme,·
933 2866 1040 2920 -welche
1065 2866 1125 2919 sich
1144 2865 1171 2918 in
1190 2865 1317 2932 Belgium
1337 2880 1381 2923 an.

138 2953 304 3017 'Aulercos,
329 2952 364 3006 cf.
383 2951 444 3004 VIl.
468 2954 493 3004 4.
517 2954 541 3005 6.
561 2980 595 2989 -
620 2944 732 3017 Caletos,
788 2953 837 3007 der
879 2954 959 3007 Maus
998 2953 1223 3021 uiedergelassen
1266 2953 1374 3007 hatten,

157 3041 192 3097 cf.
205 3040 267 3110 llll.
287 3043 330 3093 75.
343 3044 370 3095 4.
384 3039 499 3093 Caletes.
513 3068 547 3078 -
565 3039 734 3109 Veliocassis,
789 3042 825 3098 cf.
844 3041 880 3094 lI.
900 3046 925 3095 4.
946 3045 987 3095 10.
1008 3070 1040 3081 -
1060 3040 1188 3095 vicinitas
1202 3041 1374 3108 propinquo,

157 3128 191 3182 cf.
211 3126 275 3180 VIl
291 3130 334 3181 75.
354 3129 379 3183 3.
396 3157 426 3164 -
441 3127 601 3193 Atrebdtoe,
621 3130 665 3182 ein
680 3130 736 3183 bel·
790 3130 855 3182 kein
880 3130 1074 3195 Pleonasmus,
1102 3129 1174 3182 deun
1193 3129 1242 3182 der
1260 3130 1374 3182 weltere

155 3215 264 3283 gisches
283 3215 356 3269 Volk
380 3216 517 3269 zwischen
541 3216 656 3270 Sebelde
682 3217 738 3270 und
776 3210 898 3285 ¹Begrili
941 3218 1069 3271 vicinitas
1112 3216 1371 3285 „Nechbarschalt¹‘

156 3305 271 3361 Somme.
291 3333 324 3343 —
342 3304 430 3356 loenm
448 3304 548 3356 caetris
563 3304 737 3357 encelsuma‘n
791 3306 858 3359 wird
877 3305 962 3359 durch
987 3305 1036 3358 das
1056 3304 1188 3373 Adjelctiv
1210 3304 1298 3358 nbher
1327 3305 1374 3359 be·

155 3393 226 3445 siloa
261 3390 433 3444 circumdato
459 3390 565 3458 palude
601 3392 735 3459 delegisse.
791 3394 904 3447 stimant.

156 3480 213 3533 Dea
232 3480 322 3548 Lager
342 3479 390 3532 der
409 3479 596 3533 verbundeten
615 3481 737 3535 Stbmme
826 3484 850 3535 8.
869 3481 972 3549 exigna
992 3480 1187 3562 „beschrdnkt
1206 3480 1326 3547 knapp“.
1340 3508 1373 3519 -

155 3566 257 3620 beiaud
276 3567 334 3621 sich
353 3568 380 3619 in
400 3566 460 3621 deur
474 3566 572 3621 Walde
592 3584 644 3621 von
658 3568 737 3622 Corn·
791 3568 913 3633 adiuncta,
934 3568 969 3622 da
988 3570 1037 3622 das
1057 3569 1079 3621 F
1081 3575 1156 3622 ulter
1174 3583 1223 3621 aus
1242 3567 1373 3622 den'eer·

155 3657 255 3724 pidgne
280 3656 331 3709 auf
350 3654 411 3709 denr
435 3655 526 3723 Hbgel
549 3656 737 3710 saint-Marc
791 3664 880 3711 streut
917 3655 1060 3724 liegenden
1097 3656 1235 3711 Gehdl'ten
1276 3656 1372 3722 geholt
1444 3645 1447 3651 ¹

155 3744 288 3797 zwischen
307 3743 356 3797 der
369 3743 455 3797 Aiane
468 3744 587 3812 (Axbnu)
608 3733 662 3799 und
675 3745 736 3800 dem
791 3745 897 3798 werden
916 3744 1014 3799 mulste
1033 3743 1079 3811 (cf.
1099 3761 1122 3798 c.
1143 3747 1184 3797 10.
1203 3738 1245 3812 a),
1265 3758 1297 3797 so
1315 3759 1373 3797 war

155 3832 317 3885 Bernabach
328 3830 462 3900 (ruisseau
474 3831 509 3885 du
520 3832 736 3901 Berne),desseu
791 3832 833 3886 die
853 3833 1063 3900 Fouragiorung
1081 3833 1146 3885 sehr
1165 3832 1349 3899 zersplittert.

155 3918 225 3972 Uter
242 3920 307 3972 sehr
325 3920 442 3987 sumplig
459 3920 529 3974 siud.
779 3950 782 3956 ·
825 3920 850 3973 8.
899 3924 921 3973 1.
950 3920 1065 3974 consiliu
1089 3920 1174 3986 pleno
1196 3904 1372 3987 moeotide.
1420 3981 1426 3992 ¹

191 4009 216 4060 5.
244 4007 444 4060 multitudinem
469 4049 475 4061 .
502 4048 509 4061 .
533 4048 539 4061 .
567 4008 642 4077 qnod
666 4050 673 4062 .
697 4050 704 4063 .
728 4049 735 4063 .
793 4009 882 4061 Wenn
915 4007 1145 4075 Eigenschasten,
1183 4007 1286 4061 welche
1318 4024 1373 4061 nur

155 4093 364 4159 intellexissent,
392 4112 427 4148 zu
450 4095 540 4149 dieser
559 4086 737 4151 Constructio
790 4094 925 4151 lebenden
939 4097 1041 4150 Wesen
1059 4097 1230 4163 zulrorumen,
1248 4095 1373 4149 leblosen

155 4179 192 4233 cd
210 4181 323 4249 synesin
341 4180 375 4234 cf.
394 4181 454 4239 VlI.
474 4186 516 4236 71.
535 4187 552 4236 2
570 4182 631 4235 VH.
651 4186 693 4240 72.
710 4186 736 4237 2.
791 4184 1003 4251 Gegeustauden
1022 4183 1159 4252 beigelegt
1186 4183 1311 4249 werden,
1341 4199 1373 4238 so

63 4321 80 4335 ι,
193 4270 217 4319 6.
235 4265 442 4335 Germanorum,
462 4270 511 4323 der
530 4271 736 4340 germaniachen
791 4272 933 4339 geschieht
960 4273 1020 4327 dies
1050 4273 1091 4337 olt
1117 4272 1204 4328 durch
1232 4272 1275 4326 die
1305 4271 1372 4327 Una·
