2934 4750
507 286 608 342 comm.
628 286 675 342 Vl.
699 289 813 344 10-12.
1226 279 1265 338 61

53 429 180 492 tionum
203 427 361 511 principes
376 438 462 508 sunt,
487 429 542 510 qui
557 447 712 494 summam
729 430 951 495 auctoritatem
968 449 1078 496 eorum
1100 432 1216 497 iudicio
1237 442 1253 494 3

53 532 177 598 habere
200 533 429 614 existimantur,
455 553 589 616 quorum
613 535 654 599 ad
671 535 837 601 arbitrium
861 536 1072 619 iudiciumque
1095 555 1218 601 summa

53 639 197 703 omnium
219 657 325 704 rerum
347 640 609 722 consiliorumque
626 640 744 707 redeat.
777 641 875 722 quue
891 641 958 706 eius
974 643 1020 707 rei
1044 660 1139 708 cansa
1162 660 1217 706 au·
1236 653 1253 702 4

54 743 191 825 tiquitus
214 745 394 811 institutum
410 746 545 826 videtur,
569 765 610 812 ne
624 746 694 828 quis
718 747 865 829 explebe
881 754 994 812 contra
1009 749 1218 830 potentiorem

57 849 168 914 auxilii
191 855 311 933 cgeret5
340 869 413 917 suos
437 852 518 916 enim
541 852 675 934 quisque
697 852 833 934 opprimi
856 859 889 918 et
913 852 1133 918 circumveniri
1156 871 1218 918 non

54 955 188 1036 patitur,
211 973 322 1037 neque,
346 957 437 1022 aliter
459 959 485 1022 si
508 955 614 1037 iaciat,
638 957 736 1022 ullam
759 958 843 1022 inter
865 975 938 1023 suos
961 957 1058 1024 habet
1081 959 1218 1024 auctori·

53 1066 167 1128 tatem.
207 1060 294 1127 Haec
317 1062 426 1127 eadem
442 1065 523 1128 ratio
539 1069 589 1128 est
610 1064 643 1128 in
665 1081 789 1128 summa
804 1064 903 1129 totius
919 1063 1057 1147 Galliae;
1083 1073 1255 1146 namque5

54 1183 166 1230 omnes
190 1167 335 1232 civitates
356 1168 390 1232 in
413 1174 521 1250 partes
545 1169 665 1234 divisae
687 1176 762 1233 sunt
786 1169 875 1234 duas.

150 1276 199 1337 12.
222 1271 302 1338 Cum
325 1272 443 1340 Caesar
465 1277 496 1340 in
522 1274 659 1340 Galliam
683 1276 784 1355 venit,
809 1275 942 1342 alterius
965 1274 1110 1342 factionis
1133 1276 1252 1357 prin-1

57 1377 144 1459 cipes
168 1384 261 1444 erant
284 1379 420 1458 Haedui,
450 1380 582 1446 alterius
605 1380 753 1463 Sequani.
800 1381 841 1446 Hi
871 1400 941 1446 cum
971 1400 1028 1462 per
1056 1399 1091 1446 se
1118 1382 1256 1445 minusa

59 1483 222 1564 valerent,
254 1486 339 1566 quod
361 1504 485 1552 summa
515 1488 689 1553 auctoritas
718 1488 893 1569 antiquitus
923 1494 994 1552 erat
1024 1489 1053 1552 in
1078 1487 1219 1552 Haeduis

57 1607 256 1672 magnaeque
279 1609 388 1657 eorum
405 1598 498 1658 crant
520 1592 693 1672 clientelae,
717 1592 893 1659 Germanos
916 1601 1012 1675 atque
1029 1593 1219 1658 Ariovistum

57 1695 117 1759 sibi
133 1695 345 1762 adiunxerant
358 1716 474 1780 eosque
491 1701 532 1764 ad
548 1717 583 1764 se
595 1701 718 1782 magnis
735 1689 865 1764 iacturis
877 1699 1220 1782 pollicitationibusque

59 1801 283 1882 perduxerant.
330 1803 461 1870 Proeliis
491 1823 565 1871 reno
589 1805 801 1887 compluribus
829 1804 919 1871 lactis
949 1805 1095 1871 secundis
1125 1811 1256 1887 atquae

60 1907 147 1970 omui
168 1909 334 1976 nobilitate
350 1910 554 1976 Haeduorum
577 1911 745 1976 interfecta
767 1917 892 1976 tantum
916 1913 1059 1994 potentia
1081 1920 1221 1976 anteces-

63 2017 180 2091 serant
203 2021 238 2079 ut
260 2034 409 2098 magnam
431 2023 555 2098 partem
579 2017 740 2082 clientium
765 2016 806 2081 ab
829 2017 969 2082 Haeduis
991 2016 1032 2082 ad
1056 2034 1090 2081 se
1111 2016 1258 2080 bedu-4

64 2125 171 2182 carent
192 2121 380 2204 obsidesque
402 2123 443 2187 ab
464 2123 503 2188 iis
526 2123 703 2205 principum
725 2121 806 2188 filios
830 2123 1011 2205 acciperent
1041 2129 1073 2187 et
1096 2121 1221 2205 publice

59 2223 169 2289 iurare
198 2236 347 2309 cogerent
377 2227 454 2293 nihil
483 2247 518 2294 se
549 2236 660 2295 contra
683 2231 847 2310 Sequanos
877 2228 998 2294 consilii
1028 2229 1162 2293 inituros
1190 2234 1221 2292 et

58 2334 182 2409 partem
206 2330 332 2398 finitimi
354 2334 423 2416 agri
445 2336 589 2416 pervim
613 2340 797 2417 occupatam
821 2334 1020 2417 possiderent
1036 2331 1221 2417 Galliaeque

59 2436 160 2502 totius
183 2440 395 2522 principatum
418 2442 607 2508 obtinerent.
653 2440 724 2519 Qua
747 2442 935 2506 necessitate
958 2440 1114 2506 adductus
1139 2441 1258 2507 Divi-5

59 2575 94 2629 da
113 2578 192 2631 nicht
209 2580 252 2634 bai
270 2580 344 2635 allen
361 2579 512 2649 gallischeu
526 2580 640 2635 lekcr·
831 2579 902 2632 Καρ·
917 2579 956 2623 12.
983 2578 1137 2632 Principes.

57 2664 186 2719 schalten
211 2667 254 2723 die
271 2668 432 2735 Eintcilung
457 2668 504 2723 des
531 2668 640 2723 Staatea
729 2668 774 2723 12.
824 2674 845 2727 1.
875 2666 1014 2736 Sequani,
1050 2668 1183 2723 zwischen
1213 2668 1275 2723 dem

57 2755 87 2806 iu
107 2755 174 2822 pagi
193 2756 344 2813 existierte.
692 2757 779 2823 Arar,
806 2756 867 2811 dam
887 2756 984 2811 Rhene
1004 2756 1059 2811 und
1079 2756 1139 2811 dem
1158 2756 1227 2810 dura
1245 2757 1274 2810 in

95 2844 122 2895 3.
141 2843 191 2910 qai
210 2884 217 2897 .
237 2885 243 2898 .
263 2885 270 2899 .
289 2845 498 2911 existimantur,
525 2860 639 2913 quoram
695 2843 745 2897 der
765 2844 894 2911 heutigen
912 2844 1157 2899 manche-Combe.
1194 2844 1272 2897 Nach

60 2971 66 2982 .
88 2971 94 2983 .
115 2970 122 2984 .
142 2931 245 2986 redeat.
281 2933 423 2989 Wahrand
436 2934 486 2988 der
497 2941 573 2989 erste
587 2933 639 2987 Re·
695 2931 769 2985 131.
784 2936 799 2985 3
813 2931 929 2986 standan
939 2947 988 2984 ror
998 2930 1051 2985 den
1062 2931 1221 2998 Sequaneru
1232 2930 1277 2985 dia

58 3018 190 3072 latirsatz
202 3020 641 3091 daaSubj.desrorhergehenden
694 3022 878 3073 Arverneran
897 3018 946 3073 der
954 3018 1045 3086 spitze
1063 3019 1153 3074 dieser
1172 3019 1274 3075 Partei.

60 3109 160 3165 Satzes
178 3110 297 3178 enthdlt¹
322 3110 383 3179 filgt
401 3111 450 3166 der
467 3112 562 3165 aweitc
581 3110 641 3165 eine
729 3111 755 3162 2.
775 3106 936 3175 antiquitus,
962 3107 1015 3161 seit
1035 3111 1083 3161 121
1109 3124 1135 3165 a,
1155 3107 1219 3162 Chr.
1239 3124 1276 3176 n.‚

60 3197 240 3253 wesentlichc
270 3199 457 3268 Bestimmung
484 3198 641 3254 demselben
693 3196 736 3251 als
755 3198 794 3251 sie
812 3212 861 3249 zur
880 3196 1040 3264 Balohnung
1057 3195 1101 3249 fiir
1120 3196 1163 3251 dic
1176 3195 1274 3250 Unter-

59 3286 156 3340 hinnu.
181 3316 215 3326 -
233 3302 350 3355 quorum
369 3328 376 3341 .
395 3331 402 3345 .
422 3328 428 3342 .
447 3287 549 3352 redeat,
570 3286 640 3341 iiber
695 3290 825 3352 stdtzung
843 3283 891 3339 der
904 3283 1005 3338 Rdmer
1017 3300 1105 3351 gagen
1119 3283 1161 3337 die
1174 3287 1276 3337 Arver-

59 3375 294 3444 dcnKoannlrtiv
305 3377 333 3430 in
347 3376 407 3430 dem
420 3375 591 3431 Relativsatz
605 3374 640 3430 cf.
694 3388 743 3428 ner
762 3372 810 3427 das
829 3372 925 3427 foedus
944 3388 1059 3439 aequum
1079 3372 1275 3427 erbieltenund

60 3464 94 3516 V.
113 3468 156 3519 44.
177 3469 201 3518 1.
215 3493 247 3502 -
262 3463 299 3517 cd
316 3464 464 3518 arbitrium
478 3503 486 3520 .
498 3506 505 3519 .
519 3505 525 3520 .
538 3463 641 3533 redeat,
694 3460 797 3515 fratres
808 3462 1057 3529 consanguineique
1067 3460 1162 3529 populi
1170 3460 1275 3515 romani

60 3552 128 3620 geht
151 3551 287 3619 jedesmal
314 3552 419 3607 aurdck
453 3553 478 3607 d.
507 3552 533 3607 h.
562 3551 642 3619 „lallt
694 3548 865 3605 vomSenate
884 3548 1136 3617 genanntwurden.
1150 3548 1277 3602 -clr'em

59 3640 197 3695 anhcim“.
224 3670 258 3682 -
282 3657 387 3695 samma
406 3641 466 3710 „die
484 3641 643 3709 cndgdltige
694 3638 770 3703 tolca,
786 3636 1020 3692 01111712,-
1033 3634 1273 3706 mcqm'sc'actaris,

60 3729 296 3798 Hntscheidung“.
315 3759 349 3769 —
696 3725 746 3779 das
756 3724 841 3794 Opfer
852 3725 968 3780 bastard
981 3725 1069 3793 daria,
1082 3724 1142 3779 dass
1153 3724 1276 3778 Ariovist

96 3823 121 3874 4.
140 3819 262 3887 opprimi
280 3824 306 3871 et
323 3817 520 3886 circumveniri,
540 3816 589 3872 das
600 3832 642 3871 er·
695 3815 761 3869 zuei
776 3814 904 3869 Dritteilc
917 3814 992 3868 ihrer
1006 3812 1133 3867 Gebietes
1144 3811 1277 3880 forderte,

61 3914 136 3963 stere
171 3907 334 3963 bezeichnet
370 3908 429 3961 eine
465 3904 643 3973 Geldhrdung
696 3903 772 3958 cil.
793 3904 835 3957 31.
856 3905 896 3956 10.

60 3998 149 4053 durch
181 3996 271 4052 offena
305 3994 423 4063 Gemuit,
460 3993 510 4048 dos
540 3993 642 4049 andere
731 3996 756 4046 3.
777 3989 897 4045 Proeliis
909 4005 971 4045 vcro
988 3989 1170 4058 compluribus
1188 3987 1275 4054 factis

60 4086 146 4143 durch
166 4087 237 4139 Liat.
695 4078 829 4147 secordis,
848 4079 882 4134 ci.
901 4079 922 4134 I.
942 4082 984 4133 31.
1004 4081 1028 4133 6.

93 4180 119 4231 5.
139 4176 171 4229 r'rc
190 4188 305 4240 samma,
325 4172 378 4240 „im
395 4170 602 4240 allgemcineu“.
731 4172 756 4223 b.
776 4167 936 4222 Diuiciacus
948 4167 1050 4221 aemilii
1065 4166 1178 4234 petendi
1189 4180 1276 4218 corso

695 4258 811 4311 Romam
824 4296 830 4309 .
845 4298 851 4311 .
865 4296 871 4310 .
886 4255 1036 4323 profectus,
1056 4270 1080 4309 a.
1090 4257 1122 4309 61
1137 4270 1162 4307 a.
1177 4254 1226 4312 cb.
1239 4269 1278 4320 m,

696 4346 731 4401 ci.
752 4347 772 4400 1.
793 4348 835 4399 31.
855 4347 880 4402 9.
