2934 4750
566 211 626 266 Lib.
646 213 682 267 Il.
718 216 815 268 7-10.
1250 200 1296 260 79

83 359 187 420 torum
211 353 308 420 etad
330 359 487 420 extremas
509 352 609 420 fossas
633 353 767 420 castella
781 354 944 420 constituit
958 354 1065 435 ibique
1081 358 1240 419 tormenta
1257 372 1274 424 a

83 458 257 539 collocavit,
289 477 338 539 ne,
374 477 445 524 cum
476 459 575 524 aciem
605 459 817 538 instruxisset,
851 458 972 538 hostes,
1003 460 1088 540 quod
1113 462 1240 525 tantum

82 564 284 630 multitudine
306 568 461 646 poterant,
487 564 527 629 ab
550 564 702 630 lateribus
726 570 905 648 pugnantes
924 581 998 630 suos
1015 564 1240 630 circumvenire

81 677 221 752 possent.
267 669 335 735 Hoc
356 669 441 736 lacto
464 669 588 736 duabus
611 670 796 753 legionibus,
819 687 899 752 quas
921 671 1062 752 proxime
1081 671 1278 751 conscrips

81 782 177 856 serat,
207 778 239 841 in
267 776 379 840 castris
406 774 534 856 relictis,
568 782 613 856 ut,
642 779 669 840 si
693 793 754 858 quo
777 792 856 857 opus
879 781 974 854 esset,
1005 775 1143 841 subsidio
1167 774 1239 840 duci

80 886 219 963 possent,
255 880 393 962 reliquas
424 899 478 946 sex
508 881 648 964 legiones
676 900 734 964 pro
766 882 879 947 castris
910 881 941 945 in
970 881 1037 946 acie
1064 881 1238 946 constituit.

80 985 198 1053 Hostes
221 987 295 1051 item
318 1004 392 1052 suas
416 988 523 1069 copias
546 1005 583 1052 ex
606 989 720 1052 castris
743 987 875 1052 eductas
897 988 1120 1054 instruxerant.

170 1097 200 1158 9.
233 1091 328 1156 Palus
358 1099 428 1158 erat
459 1111 522 1158 non
553 1111 668 1174 magna
696 1094 781 1158 inter
808 1098 950 1158 nostrum
980 1096 1075 1173 atque
1101 1091 1273 1162 hostiumr

80 1198 262 1264 exercitum.
310 1196 400 1263 Hanc
434 1197 460 1261 si
494 1197 593 1262 nostri
627 1199 817 1276 transirent,
852 1198 960 1262 hostes
995 1197 1238 1277 exspectabant3

79 1302 182 1367 nostri
207 1308 323 1381 autem,
348 1303 376 1368 si
398 1302 438 1367 ab
461 1302 525 1367 illis
547 1303 669 1368 initium
692 1302 879 1368 transeundi
896 1299 996 1380 fieret,
1019 1310 1056 1366 ut
1071 1301 1239 1383 impeditos

80 1407 341 1490 aggrederentur,
364 1408 470 1491 parati
491 1409 525 1472 in
549 1410 644 1473 armis
667 1414 768 1474 erant.
807 1407 937 1473 Interim
959 1407 1079 1489 proelio
1101 1407 1278 1489 equestri2

79 1513 164 1578 inter
188 1512 267 1578 duas
290 1514 373 1578 acies
397 1514 654 1581 contendebatur.
694 1513 755 1580 Ubi
780 1515 884 1579 neutri
907 1513 1093 1578 transeundi
1115 1512 1239 1577 initium

79 1617 209 1697 iaciunt,
232 1618 418 1683 secundiore
433 1619 575 1699 equitum
590 1619 710 1700 proelio
727 1619 844 1684 nostris
860 1616 979 1683 Caesar
994 1636 1067 1683 suos
1082 1619 1116 1681 in
1133 1623 1240 1683 castra

79 1724 215 1789 reduxit.
243 1722 362 1789 Hostes
385 1726 528 1805 protinus
551 1743 589 1790 ex
612 1743 648 1789 eo
671 1725 741 1790 loco
764 1725 806 1788 ad
822 1715 937 1790 flumen
953 1726 1095 1789 Axonam
1110 1729 1277 1798 conten-3

79 1828 204 1909 derunt,
235 1828 320 1909 quod
349 1845 419 1894 esse
450 1836 523 1910 post
552 1834 661 1894 nostra
684 1835 790 1894 castra
813 1829 1065 1894 demonstratum
1089 1834 1146 1893 est.
1193 1828 1276 1902 lbi4

79 1934 171 2000 vadis
199 1935 331 2016 repertis
359 1939 484 2016 partem
512 1951 641 2000 suarum
665 1937 825 2017 copiarum
848 1935 1015 2001 traducere
1037 1936 1142 2001 conati
1165 1941 1239 1999 sunt

79 2058 115 2105 co
141 2039 281 2119 consilio,
307 2045 351 2120 ut,
376 2041 403 2105 si
425 2046 564 2122 possent,
588 2041 762 2120 castellum,
787 2041 839 2107 cui
860 2045 1009 2122 praeerat
1029 2040 1165 2119 Quintus
1187 2039 1238 2104 Ti·

78 2147 183 2210 turius
198 2145 334 2227 legatus,
359 2152 575 2228 expugnarent
590 2150 780 2229 pontemque
794 2146 1072 2223 interscinderent3
1094 2145 1121 2210 si
1136 2144 1238 2210 minus
1256 2167 1276 2218 5

78 2253 266 2333 potuissent,
289 2269 383 2332 agros
398 2251 569 2318 Remorum
592 2251 829 2334 popularentur,
853 2253 908 2334 qui
930 2270 1046 2334 magno
1062 2250 1152 2316 nobis
1167 2251 1239 2315 usui

79 2360 119 2425 ad
142 2357 261 2424 bellum
284 2358 456 2441 gerendum
479 2365 580 2440 erant,
612 2365 852 2441 commeatuque
874 2365 1000 2423 nostros
1023 2357 1237 2439 prohiberent.

173 2470 222 2531 10.
255 2464 373 2531 Caesar
396 2466 511 2539 certior
532 2464 634 2531 factus
658 2465 698 2530 ab
715 2465 837 2530 Titurio
860 2482 984 2529 omnem
1006 2465 1182 2545 equitatum
1206 2468 1239 2526 et
1259 2484 1274 2533 1

79 2570 157 2635 levis
180 2575 363 2637 armaturae
379 2570 540 2652 Numidas,
563 2569 740 2636 funditores
763 2571 1007 2653 sagittariosque
1029 2576 1156 2652 pontem
1173 2574 1238 2633 tra·

80 2676 169 2741 ducit
199 2682 293 2757 atque
320 2677 362 2742 ad
388 2694 443 2743 eos
476 2678 645 2743 contendit.
692 2678 817 2743 Acriter
847 2677 880 2741 in
910 2694 949 2742 eo
972 2676 1041 2742 loco
1063 2683 1275 2756 pugnatuma

80 2788 137 2849 est.
172 2781 289 2848 Hostes
311 2783 478 2864 impeditos
501 2785 602 2849 nostri
617 2785 649 2848 in
665 2780 793 2849 flumine
807 2783 950 2864 aggressi
964 2799 1113 2863 magnum
1130 2798 1237 2845 eorum

79 2974 188 3029 Flanlxe
214 2973 263 3028 der
279 2976 433 3030 romiscben
453 2974 658 3031 Schlacbtreibe
688 2964 701 2981 '⁴
746 2974 775 3029 9.
796 2978 819 3028 1.
838 2972 933 3039 Palus,
953 2974 1002 3028 dac
1016 2972 1163 3028 Fldsschen
1182 2972 1295 3039 llliette,

80 3063 202 3127 sichern;
223 3062 271 3117 der
290 3062 414 3118 sitdliche
427 3062 519 3119 wurde
531 3080 584 3118 von
598 3064 658 3119 dem
713 3062 829 3117 welches
848 3062 914 3117 sehr
933 3060 1066 3130 sumpiige
1086 3060 1153 3115 Uter
1171 3060 1228 3116 hat.
1255 3090 1290 3099 -
1354 3056 1358 3061 ’

13 3172 14 3195 2
80 3157 358 3219 entgegengesetzten
371 3151 481 3206 Punkte
496 3150 543 3206 dee
552 3152 657 3220 Lagare
711 3151 738 3204 si
756 3150 824 3220 ,ob“
844 3148 879 3205 ci.
898 3167 932 3203 zu
950 3150 971 3203 Ι.
989 3152 1014 3204 8.
1032 3153 1058 3208 4.
1085 3178 1116 3187 —
1144 3146 1292 3216 impeditos

13 3292 14 3299 ,
79 3239 120 3294 bis
145 3255 196 3293 zur
214 3240 313 3293 Axona
332 3240 441 3307 (Aiane)
460 3256 521 3294 aum
540 3240 658 3297 Schutze
711 3238 747 3293 ci.
764 3256 799 3293 au
816 3238 838 3293 1.
859 3242 899 3292 12.
918 3242 944 3293 3.

80 3326 129 3383 der
155 3328 249 3382 linlrea
272 3328 378 3383 Flanlxe
404 3344 532 3398 geaogen.
560 3358 593 3371 -
620 3330 659 3385 oct
746 3366 772 3416 2·
790 3360 967 3415 gemm

80 3421 213 3470 cotrcmoa
228 3415 319 3482 soecos
337 3416 371 3471 cl.
390 3416 412 3471 1.
429 3420 472 3470 21.
491 3421 516 3471 2.
535 3434 569 3472 au
584 3434 657 3473 snm-

79 3519 153 3557 mum
172 3504 272 3571 iugum.
291 3530 324 3545 ·-
337 3504 448 3559 castello
466 3505 618 3563 ci.zuI.8.
632 3513 678 3566 2.·

114 3596 141 3645 4.
167 3596 302 3645 tomento
322 3592 473 3661 ,schweres
493 3593 657 3660 Geschdta“,

80 3680 199 3733 mamlich
233 3680 405 3749 catapultae,
438 3682 540 3736 welche
567 3682 657 3749 grolae

14 3758 15 3785 l
81 3767 168 3823 Pleile
186 3768 214 3820 in
232 3768 529 3837 vertikalerltichturrg
547 3770 657 3839 marien,

985 3400 992 3414 .
1006 3358 1121 3428 proelio,
1140 3358 1294 3418 ablabsol.

711 3450 749 3503 im
766 3450 948 3504 konaeesiven
967 3447 1057 3503 Sinue.

746 3558 771 3609 4.
794 3554 933 3608 castellam
952 3552 1179 3625 ,Brliclxenkopff
1203 3552 1239 3609 cl.
1256 3568 1292 3605 au

711 3658 733 3697 c.
754 3646 778 3696 5.
798 3646 883 3729 ⁶·..‘
911 3643 937 3696 si
951 3647 1063 3713 possent
1083 3683 1089 3696 .
1108 3680 1115 3695 .
1132 3640 1158 3694 si
1184 3640 1292 3707 potuis-

710 3736 778 3785 seat.
821 3730 896 3785 Uber
927 3730 970 3785 die
1000 3730 1136 3798 Tempora
1173 3729 1200 3780 in
1236 3727 1289 3781 den

81 3856 137 3909 und
166 3855 305 3924 baptimo,
341 3857 441 3912 welche
472 3857 563 3913 steine
593 3858 659 3913 oder
712 3818 952 3887 gegensatzlicben
965 3815 1238 3873 Konditionalsatzen
1254 3814 1290 3872 cf.

15 3994 16 3997 ,
81 3943 264 3999 Holxstiimme
286 3947 313 3999 in
332 3946 423 4000 hohen
441 3946 534 4016 Bogen
549 3948 658 4002 schleu·
711 3924 747 3962 ²¹¹
764 3908 785 3961 Ῑ·
804 3910 846 3962 35·
865 3911 890 3960 4·

82 4030 186 4086 denen·
529 4034 535 4051 '
713 4030 794 4085 ’10.
826 4034 850 4083 2.
869 4030 901 4083 ira
919 4045 948 4083 eo
966 4030 1032 4094 loco,
1058 4027 1161 4083 ander
1180 4028 1290 4091 Axona,

116 4121 141 4174 5.
161 4134 229 4186 quac
242 4122 368 4188 proniora
386 4121 595 4189 conscripserat,
615 4120 658 4176 die
711 4134 753 4173 wo
772 4118 815 4172 die
827 4117 929 4173 Rbmer
940 4116 991 4171 auf
1000 4116 1043 4170 die
1055 4115 1155 4183 Belger
1168 4112 1288 4169 stielsen.

15 4208 16 4213 ’
82 4204 155 4261 ΧῙΙΙ.
172 4224 197 4260 u.
209 4208 281 4261 XIV.
293 4207 405 4278 Legion.
426 4238 457 4249 -
478 4208 503 4261 st
519 4222 571 4277 qao
591 4223 659 4275 opos
711 4234 746 4245 -
765 4206 871 4261 boatm.
888 4245 894 4260 .
913 4202 1037 4273 oppress
1053 4216 1181 4269 mappam
1197 4215 1290 4254 aarum

81 4300 147 4349 carot
165 4295 225 4354 scil.
245 4295 314 4355 duci.
711 4308 853 4346 numerum
870 4291 904 4346 cf.
922 4308 956 4345 ao
976 4290 994 4344 l.
1016 4294 1057 4344 12.
1077 4292 1102 4342 3.
