2934 4750
555 232 655 294 cotem,
675 236 720 294 vl⁴
740 239 852 322 64-66,
1258 223 1298 288 et
1379 220 1382 225 ’

89 395 177 442 unus
200 397 239 442 ex
261 379 408 460 captivis,
440 380 526 461 Quid
547 399 614 459 aas,
644 381 761 462 inquit,
788 351 870 445 hauc
892 383 1042 446 miseram
1065 399 1104 445 ac
1127 384 1249 446 teuuem

87 485 260 550 sectamini
291 485 466 565 praedam,
502 485 616 569 quibus
651 486 725 551 ticet
754 487 819 550 iam
856 507 922 552 esse
949 487 1249 568 fortunatissimos?

90 591 212 655 Tribus
234 591 322 656 boris
344 593 550 657 Aduatucam
571 592 680 657 oeuire
698 593 846 673 potestis:
874 591 935 658 tue
958 611 1064 657 omues
1085 611 1162 658 suas
1181 593 1247 674 for·
1266 603 1282 654 9

87 702 189 760 tuuas
212 699 369 764 exercitus
391 698 610 763 Romanorum
634 698 782 777 contulit,
805 699 968 780 praesidii
991 704 1114 763 tautum
1137 702 1189 778 est,
1213 703 1250 762 ut

87 822 131 866 ue
153 795 267 869 murus
294 805 420 885 quidem
447 806 535 886 oiapi
549 804 669 886 possit,
696 825 795 888 ueqete
823 805 992 888 quisquam
1019 805 1128 887 epredi
1156 810 1248 869 eptra

88 908 284 975 munitiones
299 911 426 978 audeat.
458 911 526 976 Hac
541 911 651 976 oblata
673 929 729 991 spe
745 910 903 992 Germani,
927 929 1021 993 quam
1037 911 1122 977 nacti
1144 915 1245 988 erunt,
1258 920 1291 971 10

88 1015 241 1094 praedam
266 1017 297 1080 in
321 1017 444 1083 occulto
467 1018 663 1099 relinquunt3
686 1017 747 1098 ipsi
764 1019 959 1084 Aduatucam
982 1017 1177 1084 contendunt
1199 1017 1249 1084 uei

88 1120 201 1185 eodem
226 1121 314 1201 duee,
338 1125 426 1188 cuius
448 1124 528 1189 haec
550 1123 665 1190 indicio
689 1128 909 1204 cognoverant.

56 1308 60 1314 Ι
182 1232 233 1295 36.
280 1227 400 1310 Cicero,
425 1232 478 1311 qui
501 1248 609 1295 omnes
625 1231 803 1312 superiores
827 1231 893 1296 dies
909 1231 1086 1312 praeceptis
1102 1228 1248 1295 Caesaris
1268 1241 1282 1289 1

88 1352 214 1399 summa
237 1336 401 1417 diligentia
424 1337 539 1402 milites
562 1337 593 1400 iu
617 1337 731 1402 castris
754 1337 957 1402 continuisset
982 1357 1018 1402 ac
1046 1356 1085 1401 ne
1109 1336 1248 1402 calonem

89 1440 218 1520 quidem
258 1461 445 1524 quemquam
483 1447 574 1507 extra
609 1443 814 1507 munitionem
853 1443 963 1524 egredi
999 1461 1114 1526 passus
1154 1445 1247 1521 esset,

88 1548 226 1627 septimo
254 1550 305 1613 die
333 1547 476 1614 diffidens
503 1550 543 1614 de
570 1566 700 1614 numero
723 1549 845 1613 dierum
873 1547 1042 1615 Gaesarem
1066 1548 1159 1614 fidem
1183 1565 1248 1612 ser-

89 1660 253 1734 naturum,
287 1656 370 1736 quod
400 1655 525 1736 longius
555 1672 756 1736 progressum
788 1655 953 1736 audiebat,
982 1674 1084 1736 neque
1116 1654 1181 1720 uita
1209 1654 1249 1719 de

90 1760 196 1824 reditu
219 1762 286 1826 eius
309 1760 393 1826 fama
416 1759 638 1840 adserebatur,
671 1760 764 1824 simul
793 1779 901 1825 eorum
925 1766 1087 1843 permotus
1110 1761 1246 1840 vocibus,
1266 1772 1283 1820 2

89 1867 145 1946 qui
168 1865 252 1931 illius
275 1869 461 1950 patientiam
485 1885 585 1949 paene
608 1868 825 1933 obsessionem
849 1868 1062 1950 appellabant,
1093 1867 1248 1947 siquidem

93 1990 134 2034 ex
149 1974 259 2038 castris
275 1975 385 2056 egredi
401 1993 463 2039 non
479 1974 597 2052 liceret,
619 1973 740 2038 nultum
757 1975 911 2039 eiusmodi
929 1992 1035 2040 casum
1053 1979 1247 2054 exspectem,

95 2095 159 2156 quo
182 2096 289 2144 novem
314 2081 466 2162 oppositis
495 2080 670 2158 legionibus
698 2080 896 2161 maximoque
924 2081 1068 2162 equitatu
1100 2079 1248 2160 dispersis

93 2201 133 2248 ac
161 2204 260 2266 paene
291 2187 402 2251 deletis
433 2186 575 2250 hostibus
604 2187 637 2251 in
667 2185 792 2251 milibus
820 2205 969 2268 passuum
1002 2186 1105 2251 tribus
1133 2183 1248 2250 offendi

90 2294 212 2372 posset,
247 2294 385 2373 quinque
426 2291 572 2358 cohortes
608 2290 834 2356 frumentatum
867 2293 899 2356 in
931 2292 1089 2373 proximas
1122 2297 1248 2373 segetes

90 2398 199 2477 mittit,
225 2418 301 2480 quas
323 2401 409 2463 inter
432 2404 464 2463 et
488 2404 594 2463 castra
610 2416 690 2463 unus
707 2400 833 2463 omuino
850 2399 937 2464 collis
953 2400 1115 2465 intererat.
1158 2396 1249 2464 Com·
1269 2404 1284 2457 3

157 2564 186 2568 ...
202 2563 405 2571 κω

126 2651 151 2700 8.
172 2647 265 2713 Atque
282 2646 367 2714 „Da“,
387 2645 466 2699 leitet
485 2644 669 2699 nachdrucks·

90 2736 147 2787 voti
179 2735 222 2788 die
252 2733 377 2802 fulgenda
413 2732 534 2801 Episnde
561 2734 613 2787 ein.
637 2762 670 2771 -—

88 2823 336 2889 fortunatissimos,
355 2821 389 2876 cf.
410 2822 441 2874 V.
461 2823 503 2875 41.
522 2824 548 2888 6,
566 2837 607 2873 wo
628 2821 671 2874 bei

91 2913 158 2965 licet
185 2911 234 2963 das
256 2910 500 2964 Prbdikatsnomen
528 2910 564 2962 im
588 2910 671 2962 Dativ

90 3000 177 3055 steht.

126 3110 153 3160 9.
164 3111 279 3172 tautum,
289 3106 316 3158 in
327 3104 578 3159 beschrinkendem
590 3104 671 3157 Sinne

93 3212 163 3263 „nur
183 3210 214 3248 so
233 3194 313 3248 viel“.
325 3198 400 3245 -ut
417 3207 554 3245 namucus
564 3190 672 3259 quidem

90 3282 167 3351 ciupi
191 3282 296 3349 possit,
322 3281 366 3335 die
386 3280 564 3334 Mannschaft
583 3280 671 3333 reieht

92 3372 168 3425 nicht
196 3387 265 3439 aus,
297 3387 341 3423 uum
371 3370 423 3424 den
450 3369 525 3422 Wall
553 3368 672 3436 (murus)

93 3461 214 3527 ringsum
224 3460 273 3513 mit
281 3452 515 3524 Verteidigern'zu
534 3457 671 3511 besetzen.

130 3569 170 3619 10.
190 3566 221 3617 iu
239 3563 350 3630 occuito,
369 3563 402 3617 61.
423 3580 444 3617 6.
463 3567 506 3617 41.
528 3568 540 3615 1
560 3562 672 3630 praeda,

91 3672 172 3724 quarn
193 3655 219 3707 iu
239 3654 314 3708 silvis
333 3652 525 3721 deposuerant

126 3798 173 3852 36.
213 3802 236 3848 1.
257 3794 304 3863 qui
322 3836 329 3849 .
350 3836 355 3847 .
376 3793 584 3858 .coutiuuisset,
602 3792 671 3845 iiber

93 3885 144 3939 den
162 3884 239 3952 konj.
253 3883 423 3937 Relativsutz
441 3882 475 3935 cf.
490 3881 521 3933 V.
536 3885 578 3939 33.
599 3884 622 3933 1.
636 3909 668 3922 -·

93 3973 260 4041 praeceptis,
284 3972 337 4026 abl.
361 3986 470 4036 causae,
495 3969 529 4024 ct.
549 3986 571 4023 c.
591 3972 666 4025 30.1

94 4079 186 4118 eorum
205 4060 306 4115 indicio
329 4059 454 4113 vlnus.
473 4054 668 4125 2661666666-

92 4153 187 4220 ceptis.
206 4148 289 4203 -iu
306 4148 405 4201 castris
423 4147 610 4211 continuisset,
634 4145 669 4200 oi.

92 4242 124 4293 V.
155 4241 199 4291 58.
224 4243 238 4291 l
263 4238 337 4291 intra
359 4244 449 4291 castra
468 4236 603 4290 continuit
634 4235 669 4288 11.

95 4334 135 4385 ll.
154 4328 334 4383 2exercitum
349 4327 553 4394 equitatumque
571 4324 669 4377 castris

147 4433 281 4476 walthan
305 4432 415 4475 Caesaris
430 4431 485 4474 bell.
501 4429 621 4473 (1611111.

725 2645 866 2699 continuit.
888 2675 920 2683 -
940 2660 1105 2711 queucauam,
1120 2643 1303 2710 adJektivisch
1383 2670 1387 2676 ·

725 2734 768 2786 bei
788 2732 1158 2797 Persouenbezeichuungen,
1179 2730 1301 2797 civili.

724 2826 768 2876 23.
788 2826 803 2876 7
823 2822 985 2887 cuiusquam
1007 2820 1129 2873 Romani.
1150 2848 1183 2857 -
1203 2818 1235 2871 de
1252 2833 1302 2869 uu·

724 2924 795 2963 mero
806 2909 912 2961 dierum
925 2908 961 2962 ist
974 2908 1022 2961 mit
1035 2907 1115 2960 fidem
1129 2895 1302 2961 servaturum

725 3014 760 3049 zu
773 2995 928 3051 verbinden.
967 2996 995 3049 C.
1006 2995 1097 3048 wolite
1107 3010 1150 3048 arn
1161 2992 1302 3049 siebenten

726 3086 801 3153 Tage
820 3083 1035 3137 zurdckkehren.

760 3174 966 3241 apodemium,
976 3172 1135 3240 gednldiges
1146 3171 1302 3239 Abwarten,

725 3264 883 3331 unthttiges
896 3262 1055 3316 Verhatten.
1072 3291 1099 3297 -
1115 3274 1209 3313 monem
1222 3274 1302 3327 oppo-

724 3352 786 3405 sitis
803 3350 955 3419 tepiouibus
973 3348 1142 3416 mtaaimoque
1170 3348 1302 3415 equitatu,

725 3441 779 3494 abl.
805 3440 891 3494 absol.
919 3440 946 3492 in
980 3436 1121 3491 kausalem
1150 3436 1240 3490 Siune.
1268 3460 1302 3475 -ι

726 3528 858 3596 dispersis
885 3542 918 3581 ac
940 3542 1030 3594 pacue
1048 3524 1144 3579 deletis
1172 3524 1302 3589 hostibus,

725 3616 832 3683 Dutive,
843 3616 945 3671 welche
954 3631 1006 3669 von
1017 3614 1152 3682 oppositis
1164 3613 1303 3681 abnangig

725 3704 793 3759 sind.
819 3734 853 3743 -
879 3705 911 3757 iu
928 3704 1036 3757 mitibus
1054 3716 1188 3770 passuum
1205 3700 1302 3764 tribus,

724 3794 753 3847 in
765 3794 853 3847 einem
865 3792 996 3847 Bereiche
1005 3807 1058 3845 von
1077 3793 1147 3845 3000
1156 3789 1303 3855 Schritten,

722 3876 1305 3947 soweitdieSoldatenfouragierendunsten.
1353 3894 1355 3900 ’

723 3966 1303 4037 -offeudimnpersbulich„eineSchluppe

724 4058 874 4113 erleiden“.
894 4088 927 4096 -
947 4072 1017 4123 quas
1041 4056 1121 4110 iuter.
1156 4054 1301 4109 Bisweilen

723 4147 808 4201 findet
822 4146 878 4201 sich
892 4145 936 4199 die
949 4144 1125 4213 Prepesition
1138 4143 1229 4211 ,inter‘
1242 4142 1302 4197 dem

723 4235 859 4289 relativen
905 4233 1059 4289 Pronomen
1110 4232 1303 4301 nachgesteilt‚

723 4340 801 4379 weun
829 4324 916 4378 dieses
944 4324 1015 4377 ohne
1034 4323 1125 4379 Subet.
1150 4322 1234 4390 steht,
1268 4320 1302 4375 cf.

1183 4430 1195 4469 u
