2934 4750
576 149 676 204 comm.
696 148 743 204 r1.
762 151 839 204 s-r.
1227 128 1230 132 ’
1281 136 1325 196 57

108 293 144 356 in
166 308 275 358 eorum
298 290 412 357 finibus
441 290 647 369 hiemaverat,
675 290 794 356 adoriri
821 291 993 372 parabant,
1023 290 1149 370 iamque
1172 289 1211 355 ab
1236 307 1273 354 eo
1293 299 1310 350 2

110 415 175 463 non
198 397 323 480 longius
346 396 433 463 bidui
455 398 509 462 uia
524 395 667 475 aberant,
691 413 762 462 oum
779 395 859 462 duas
875 397 1000 462 uenisse
1022 395 1163 478 legiones
1179 395 1277 460 missu

111 501 260 568 Caesaris
291 508 496 585 cognoscunt.
548 501 665 568 Positis
687 502 809 569 eastris
839 519 859 566 a
888 501 1014 567 milibus
1049 517 1200 582 passuum
1233 509 1310 566 xva

110 608 231 674 sariba
246 607 479 674 Germanorum
502 613 688 689 exspectare
703 608 910 674 constituunt.
956 605 1116 671 Labienus
1138 605 1276 670 hostium
1294 619 1311 668 4

109 715 241 798 cognito
257 713 388 780 oonsilio
403 713 860 796 speranstemeritoteeorum
877 710 943 778 fore
955 712 1094 793 aliquam
1106 710 1276 776 dimicandi

110 819 300 886 facultatem
330 818 490 901 praesidio
519 820 657 901 quinque
686 818 862 905 cohortium
898 817 1131 900 impedimentis
1165 809 1275 882 relicto

112 943 188 992 cum
210 942 274 990 xxv
298 924 681 1005 cohortibus-magnoque
704 924 847 1005 equitatu
871 929 984 990 contra
1006 923 1129 989 hostem
1152 921 1277 1005 profici-

112 1032 214 1098 scitur
229 1039 262 1096 et
277 1030 362 1096 mille
377 1048 528 1112 passuum
543 1029 722 1095 intermisso
739 1030 845 1112 spatio
862 1036 969 1095 eastra
984 1028 1165 1095 communit.
1198 1028 1277 1093 Erat
1296 1038 1312 1090 5

112 1137 198 1202 inter
222 1135 396 1201 Labienum
420 1144 516 1216 atque
538 1135 661 1200 hostem
684 1132 803 1200 difficili
826 1135 965 1200 transitu
992 1133 1108 1200 flumen
1138 1133 1277 1216 ripisque

114 1243 307 1324 praeruptis.
354 1241 423 1306 Hoo
445 1259 547 1322 neque
569 1241 636 1322 ipse
659 1241 797 1306 transire
820 1241 960 1306 habebat
989 1241 1022 1305 in
1047 1241 1150 1306 animo
1174 1257 1277 1321 neque

112 1348 223 1412 hostes
252 1348 444 1412 transituros
474 1345 685 1413 existimabat.
738 1345 923 1428 Augebatur
950 1345 1137 1413 auxiliorum
1165 1344 1313 1409 cotidieo

111 1472 219 1536 spes,
243 1453 396 1534 Loquitur
419 1454 451 1516 in
474 1450 606 1518 oonsilio
628 1451 745 1533 palam,
770 1452 918 1533 quoniam
935 1451 1086 1516 Germani
1109 1450 1277 1533 appropin-

110 1578 214 1642 quare
238 1559 393 1636 dieantur,
417 1575 487 1623 sese
510 1575 585 1623 suus
598 1551 822 1639 'exercitusque
845 1556 990 1623 fortunas
1014 1556 1192 1622 indubium
1215 1573 1278 1622 non

112 1667 339 1731 devoraturum
362 1668 396 1728 et
419 1669 548 1747 postero
565 1663 616 1727 die
633 1664 736 1744 prima
758 1663 828 1729 lues
852 1669 957 1728 castra
973 1668 1141 1728 moturum.
1188 1659 1278 1726 Cele·
1296 1673 1313 1724 7

113 1772 195 1836 riter
216 1770 295 1835 haee
312 1769 353 1834 ad
369 1769 478 1835 hostes
494 1767 689 1848 deteruntur,
714 1773 750 1832 ut
765 1787 803 1833 ex
818 1786 933 1848 magno
950 1767 1113 1833 Gallorum
1136 1767 1277 1847 equitum

117 1892 249 1940 numero
272 1874 439 1940 nonnullos
462 1874 594 1939 Gallicis
624 1875 718 1940 rebus
748 1872 855 1939 favere
884 1881 999 1938 natura
1027 1873 1171 1956 cogebat.
1217 1871 1314 1936 La·8

110 1980 228 2045 bienno
250 1985 347 2047 noctu
376 1981 511 2046 tribunis
540 1978 674 2044 militum
701 1979 883 2061 primisque
902 1979 1062 2046 ordinibus
1090 1977 1277 2056 conuocatis

117 2086 194 2167 quid
215 2087 263 2152 sui
287 2086 329 2150 sit
352 2086 484 2164 consilii,
513 2085 661 2166 proponit
684 2091 725 2165 et,
756 2103 817 2166 quo
845 2084 966 2150 facilius
990 2083 1133 2150 hostibus
1156 2083 1278 2147 timoris

115 2194 171 2256 det
186 2193 406 2272 suspicionem,
423 2192 543 2256 maiore
559 2191 694 2272 strepitu
706 2196 740 2255 et
756 2190 901 2270 tumultu,
918 2208 1013 2271 quam
1025 2189 1133 2272 populi
1145 2188 1279 2252 Romani

112 2298 178 2364 fert
201 2297 405 2373 cousuetudo,
430 2302 537 2362 castra
553 2298 672 2362 moveri
694 2297 793 2363 iubet.
839 2296 897 2360 liis
914 2296 1010 2361 rebus
1033 2295 1129 2379 fugae
1145 2294 1278 2360 similem
1296 2305 1314 2357 9

112 2403 339 2487 profectionem
362 2401 473 2469 effecit.
519 2403 606 2469 llaec
622 2422 747 2485 quoque
770 2422 826 2485 per
850 2403 1065 2485 exploratores
1086 2408 1160 2468 ante
1176 2402 1279 2467 lucem

111 2512 147 2575 in
170 2516 262 2575 tanta
285 2510 519 2592 propinquitate
544 2515 719 2574 castrorum
744 2510 785 2574 ad
808 2509 916 2575 hostes
940 2508 1134 2575 deferuntur.

152 2812 177 2861 2.
197 2823 253 2861 nora
269 2808 378 2877 lampius
401 2807 481 2861 bidui
504 2808 551 2861 oia
575 2807 697 2861 ahmam.
788 2810 811 2860 6.
820 2806 997 2873 aua-illorum,
1006 2803 1333 2869 derGermauen,weloho

116 2895 698 2963 DaG.beiabessedieEntternungsowohl
753 2894 805 2949 den
837 2895 991 2949 Treverern
1025 2892 1107 2947 Hnlfe
1148 2890 1333 2959 versproohen

112 2984 347 3039 durohdenhoc.
361 2984 405 3054 (of.
419 2986 508 3039 liro.
522 2986 548 3049 1)
566 2983 608 3037 als
627 2984 698 3038 auch
753 2983 859 3046 hatten,
879 2980 913 3036 of.
933 2998 956 3036 o.
976 2985 1002 3037 8.
1025 2986 1047 3034 1.
1067 3010 1101 3021 -
1118 2980 1257 3047 fortunae,
1284 2979 1333 3033 der

113 3072 206 3127 durch
229 3072 281 3127 den
299 3073 389 3127 Ablat.
414 3072 460 3140 (ci.
480 3073 499 3125 1.
519 3076 561 3126 23.
585 3074 619 3137 1.)
638 3086 699 3125 aus·
753 3068 942 3125 Pluralwiell.
954 3066 1333 3134 3.7oivitarisquefortunas.

112 3160 234 3226 drilokt,
267 3175 297 3213 so
317 3161 422 3215 soheint
441 3161 502 3214 hier
521 3153 699 3227 quam’nauh
755 3190 786 3199 -
805 3162 837 3213 iu
861 3157 973 3211 dubium
991 3154 1197 3221 devocaturum,
1226 3154 1253 3207 in
1273 3154 1334 3208 eine

116 3236 306 3317 longiusohne
314 3248 431 3303 ldinfluls
442 3248 698 3302 aut'dieKonstruk·
753 3247 888 3302 milsliohe
896 3245 1094 3313 Lagebrinpen
1105 3244 1163 3301 dh.
1174 3242 1250 3311 „auda
1259 3241 1334 3311 Spiel
1360 3264 1365 3279 =

115 3339 177 3393 tion
195 3337 367 3405 ausgelallen
386 3338 500 3403 zusoin,
519 3336 553 3391 of.
574 3336 606 3390 V.
620 3338 661 3390 53.
674 3338 699 3389 6.
754 3335 872 3391 sotzen“.
892 3362 923 3374 -·
943 3338 967 3387 et
982 3331 1144 3401 „sondern“,
1158 3331 1192 3389 ci.
1208 3332 1239 3387 V.
1256 3334 1296 3385 18.
1309 3336 1335 3387 5.

118 3428 215 3567 ἐξ
233 3424 343 3479 maim
362 3440 498 3492 mmm
522 3423 588 3489 XV’
614 3422 648 3477 cf·
668 3422 700 3475 V·
793 3463 817 3513 7.
836 3463 876 3523 ot,
897 3455 1083 3525 begrdndend‚
1103 3456 1137 3509 cf.
1152 3456 1183 3508 V.
1196 3457 1238 3509 43.
1258 3456 1282 3508 5.
1302 3484 1334 3493 -

154 3605 182 3657 4.
199 3599 403 3669 impedimentis.
431 3600 509 3654 Naoh
521 3616 545 3657 o.
558 3602 582 3652 5.
595 3600 612 3652 6
625 3599 702 3653 hatto

119 3690 151 3743 G.
165 3689 209 3742 die
221 3689 332 3757 Bugage
347 3687 394 3741 des
408 3704 513 3755 ganzen
525 3688 629 3741 Heeres
641 3702 702 3740 zum

119 3777 259 3832 Labienus
273 3775 416 3844 gesohickt
436 3805 470 3815 -
480 3781 574 3829 eastra
589 3790 702 3829 comoro-

118 3865 172 3930 ait,
185 3882 221 3920 an
234 3864 284 3918 der
291 3862 377 3917 Stelle
389 3862 437 3917 des
447 3864 579 3931 heutigen
586 3863 702 3917 Luxem·

121 3953 200 4020 burg.

158 4044 182 4095 5.
201 4039 311 4106 difficili
328 4038 451 4091 trormitu
468 4040 575 4104 flrrmeo,
595 4038 638 4093 dio
652 4037 698 4091 nl·
793 4040 818 4092 9.
836 4037 867 4089 iu
876 4040 956 4089 torota
964 4034 1170 4103 propinquitate
1186 4040 1339 4088 castrorum

118 4136 208 4193 nette,
235 4129 280 4183 ein
298 4124 527 4181 Nebenfldssohen
553 4126 602 4181 der
630 4126 700 4179 Suro
748 4125 863 4183 ,vertritt
895 4124 975 4177 eiuren
1001 4122 1132 4177 kausalen
1154 4122 1225 4191 Satn,
1260 4122 1295 4180 of.
1317 4122 1337 4177 1.

120 4218 241 4286 (Seueri,
260 4214 363 4272 welche
381 4215 409 4268 in
429 4215 570 4270 dieMosel
583 4214 700 4269 mundet.
755 4216 798 4267 27.
822 4216 846 4267 4.

754 3552 873 3613 aot-uro,
901 3545 944 3600 die
971 3545 1142 3613 angeborene
1161 3542 1245 3597 Liebe
1274 3558 1336 3596 zum

755 3634 932 3689 Vaterlande.

792 3744 816 3795 8.
847 3740 912 3807 quid
935 3737 980 3791 sui
998 3738 1033 3791 sit
1053 3735 1169 3801 consilii,
1197 3752 1227 3790 er
1245 3734 1336 3790 wollte

756 3826 876 3880 ntmlioh
896 3825 939 3879 die
954 3824 1055 3880 Feinde
1074 3824 1264 3888 reranlassen,
1284 3823 1337 3877 den

756 3914 835 3969 Fluss
854 3931 888 3967 zu
907 3913 1123 3979 uherschreiten,
1144 3911 1178 3967 ei.
1198 3928 1219 3965 o.
1240 3914 1265 3965 8.
1284 3914 1310 3966 2.
