2934 4750
535 213 635 269 Comm.
655 213 687 266 V.
712 215 826 268 27-29.
1245 202 1288 262 29

65 355 181 420 bernis
203 355 337 433 levetur,
360 359 393 419 et
408 352 537 420 Caesari
551 375 610 437 pro
634 357 702 420 eius
717 355 837 419 meritis
853 355 987 436 gratim
1004 354 1130 422 referre.
1170 355 1237 420 Hac

67 461 221 526 oratioue
243 461 354 526 habita
376 461 511 527 discedit
534 462 719 527 Ambiorix

163 572 215 632 28.
247 568 414 648 Arpineius
437 569 611 646 etlunius,
633 586 714 648 quae
739 567 917 645 audierunt,
941 567 1127 648 adlegatos
1152 565 1236 631 dele·
1258 589 1270 637 1

67 679 158 737 runt.
197 673 246 737 Illi
269 674 437 756 repentina
458 691 494 737 re
517 673 707 755 perturbati,
731 673 793 738 etsi
817 673 857 737 ab
879 672 972 738 hosts
988 691 1026 738 ea
1042 673 1228 738 dicebantur

67 786 267 843 tamennon
291 779 486 860 neglegenda
508 779 733 844 existimabant
757 780 954 860 maximeque
977 778 1037 844 hac
1060 798 1095 843 re
1115 797 1237 860 permo-

67 887 241 964 vebautur,
265 885 349 965 quod
373 886 531 950 civitatem
561 884 731 968 ignobilem
755 891 851 966 atque
882 871 1031 950 humilem
1054 885 1237 950 Eburonum

70 1009 134 1055 sua
158 996 273 1072 sponte
295 990 412 1073 populo
435 990 576 1055 Romano
599 991 718 1055 bellum
741 988 847 1056 facere
871 1009 981 1054 ausam
1005 991 1056 1054 vix
1079 996 1147 1055 erut
1170 1009 1237 1055 cre·

69 1096 221 1162 dendum.
245 1097 359 1177 ltaque
382 1096 423 1161 ad
442 1096 608 1160 consilium
631 1115 697 1160 rem
710 1086 864 1174 deferunt,
887 1113 1064 1177 magnaque
1080 1096 1161 1159 iuter
1183 1113 1273 1163 cose

69 1203 200 1267 exsistit
233 1201 458 1266 controversia.
512 1202 549 1268 L.
583 1201 812 1265 Aurunculeius
847 1199 1086 1283 compluresque
1119 1201 1272 1270 tribunis

69 1307 209 1372 militum
233 1312 267 1372 et
288 1307 460 1388 primorum
483 1307 627 1373 ordinum
651 1307 851 1372 centuriones
882 1304 960 1370 nihil
991 1314 1111 1371 temere
1142 1324 1237 1388 agen-

72 1414 148 1478 dum
173 1430 274 1494 neque
297 1430 337 1477 ex
358 1411 498 1476 hibernis
521 1412 643 1476 iniussu
664 1410 810 1477 Caesaris
834 1412 1058 1478 discedendum
1082 1413 1237 1478 existima-

73 1519 166 1594 bant;
197 1519 381 1599 quantusvis
411 1519 516 1599 copias
540 1517 771 1583 Germanorum
806 1517 956 1582 sustineri
985 1536 1077 1598 posse
1109 1517 1274 1586 munitisl

73 1624 215 1687 bibernis
239 1623 410 1687 docebant:
440 1641 507 1687 rem
530 1641 599 1687 esse
622 1623 813 1700 testimonio,
837 1623 920 1704 quod
943 1623 1078 1703 primum
1101 1621 1237 1688 bostium

73 1732 230 1811 impetum
252 1728 360 1794 multis
384 1728 468 1793 ultro
488 1728 670 1793 vulneribus
693 1728 801 1793 inlatis
823 1727 992 1794 fortissime
1015 1729 1238 1806 sustinuerint;

73 1854 110 1900 re
132 1834 342 1900 frumentaria
368 1852 433 1898 uon
462 1835 578 1916 premi3
609 1835 732 1901 interea
755 1840 787 1898 et
809 1853 848 1899 ex
869 1833 1019 1914 proximis
1042 1833 1183 1899 hibernis
1206 1837 1272 1902 eto

78 1961 110 2025 a¹
133 1939 267 2005 Caesare
301 1946 495 2006 conventura
529 1940 684 2016 subsidia;
724 1945 883 2021 postremo
918 1939 995 2020 quid
1033 1957 1101 2004 esse
1137 1937 1274 2007 leviuso

81 2051 139 2110 aut
171 2046 308 2127 turpius,
343 2064 436 2127 quam
469 2051 600 2112 auctore
634 2047 726 2110 hoste
761 2046 800 2111 de
833 2047 963 2110 summis
997 2045 1091 2110 rebus
1124 2063 1237 2126 capere

78 2151 263 2217 consilium?

165 2263 216 2324 29.
253 2256 371 2322 Contra
408 2276 446 2322 ea
479 2257 619 2322 Titurius
654 2276 726 2323 sero
761 2255 898 2322 facturos
932 2257 1129 2334 clamitabat,
1166 2274 1269 2324 cumr

75 2365 214 2428 maiores
238 2382 348 2429 manus
375 2362 514 2429 hostium
546 2364 701 2429 adiunctis
725 2361 891 2429 Germanis
922 2363 1150 2439 convenissent,
1182 2367 1237 2425 aut

76 2490 148 2534 cum
172 2470 290 2551 aliquid
315 2470 504 2535 calamitatis
536 2471 568 2533 in
591 2471 742 2551 proximis
774 2470 913 2535 hibernis
946 2476 1030 2534 esset
1060 2474 1235 2551 acceptum.

76 2578 210 2641 Brevem
234 2576 416 2641 consulendi
438 2594 508 2641 esse
536 2578 751 2642 occasionem·
789 2574 956 2641 Caesarem
989 2575 1136 2667 arbitrari
1166 2592 1274 2655 pro-2

75 2681 192 2746 lectum
215 2683 246 2744 iu
270 2682 409 2760 Italiam3
444 2699 545 2763 neque
567 2682 661 2746 aliter
684 2680 843 2747 Carnutes
865 2679 1077 2746 interficiundi
1101 2679 1238 2759 Tasgetii

76 2786 240 2851 consilium
255 2786 352 2852 fuisse
369 2793 526 2869 capturos,
549 2803 651 2868 neque
667 2787 842 2867 Eburones,
867 2789 892 2851 si
915 2786 968 2852 ille
990 2788 1123 2864 adesset,
1148 2789 1238 2849 tanta

116 2998 157 3049 11.
187 2994 290 3048 levetur
327 3016 359 3040 =
396 2995 576 3065 liberaretur3
616 2996 660 3049 die
712 2996 802 3063 ultro,
829 2994 976 3049 obendrein
1005 2994 1087 3061 nocb;
1118 2993 1160 3046 die
1190 2993 1293 3046 Romer

79 3084 228 3138 Eburones
257 3083 375 3137 mulsten
404 3082 453 3137 das
473 3083 659 3152 Winterlager
712 3082 929 3145 warenausder
943 3080 1089 3135 Defensive
1103 3080 1186 3134 indie
1200 3080 1292 3135 Offen-

78 3172 121 3226 als
141 3173 201 3225 eine
220 3171 289 3225 Last
308 3171 470 3240 empfindeu.
712 3174 769 3225 sire
797 3172 1006 3239 dbergcgangen
1041 3169 1096 3222 und
1121 3169 1219 3222 hatten
1238 3169 1290 3223 rien

711 3259 832 3313 Feinden
851 3258 944 3326 grosse
959 3258 1088 3312 Verluste
1106 3257 1293 3325 beigebracht.

114 3295 161 3351 28⁰
199 3300 220 3349 1⁸
250 3310 304 3349 m
337 3301 450 3364 'mmm’
482 3295 535 3354 'anf
561 3312 657 3363 mene
748 3351 773 3405 5.
799 3364 828 3402 re
856 3346 1043 3414 frumentario
1069 3368 1100 3390 =
1129 3347 1221 3414 inopia
1251 3346 1291 3399 rei

79 3386 175 3453 Faust,
195 3384 266 3438 ohne
284 3382 389 3438 fremde
407 3384 489 3439 Hille.
869 3436 874 3447 ,
951 3438 952 3441 ,

115 3476 139 3526 s.
159 3472 265 3525 tesam
282 3472 407 3540 metm,
425 3471 461 3527 ef.
478 3473 500 3527 n
519 3476 561 3529 se.
580 3477 605 3527 a.
624 3502 658 3512 -
713 3436 918 3490 ffumfflffl‘ffl‘·

77 3562 233 3628 mimorum
257 3560 386 3613 ordinum
408 3561 588 3627 ceaturim,
615 3560 659 3615 die
748 3558 801 3615 29e
833 3565 855 3613 1.
886 3557 987 3611 Contra
1005 3574 1047 3623 ea,
1073 3558 1133 3613 hier
1151 3557 1293 3612 adverbia-

81 3650 265 3703 Centurionen
293 3648 343 3703 der
367 3657 460 3704 ersten
479 3650 605 3707 Koborte
631 3650 659 3702 in
713 3648 785 3702 liscb
802 3648 853 3701 wie
871 3656 980 3716 postea,
998 3654 1150 3717 praeterea.
1171 3663 1294 3713 -aero,

77 3739 157 3807 jeder
171 3738 274 3806 Legion
289 3737 410 3793 bildeteu
428 3739 471 3793 die
489 3739 568 3807 primi
587 3738 658 3792 ordi·
711 3736 858 3803 eigeutlicb
869 3741 1018 3803 verrpdtet,
1037 3735 1113 3790 uicbt
1130 3752 1164 3789 zu
1182 3735 1295 3789 rechter

80 3844 137 3895 nes,
174 3826 219 3879 die
250 3826 436 3882 Centurioneu
467 3827 516 3883 der
545 3827 658 3893 dbrigen
712 3824 782 3888 Zeit,
810 3822 835 3877 d.
863 3824 889 3877 h.
917 3840 951 3876 zu
975 3829 1046 3891 spat.
1084 3853 1115 3863 -
1159 3823 1292 3888 famulos,

80 3931 152 3970 neun
165 3913 310 3970 Koborteu
323 3914 366 3968 dle
378 3914 523 3971 inferiores
536 3913 657 3968 ordines.
713 3912 830 3965 ntmlicb
852 3910 910 3978 das,
938 3926 993 3969 was
1012 3912 1051 3965 sie
1072 3912 1144 3980 jetzt
1161 3910 1206 3964 fiir
1232 3912 1294 3965 eine

114 4007 140 4057 4.
161 4002 659 4071 quamacciacopioe,jedebeliebige,
714 3999 847 4054 Schmacb
866 3999 970 4055 balten.

81 4091 152 4146 noch
190 4105 220 4143 so
257 4090 333 4157 grele
364 4091 595 4159 Truppeumasse.
624 4116 659 4130 -
749 4091 774 4141 2.
793 4086 929 4141 arbitrari
948 4087 1005 4141 scil.
1024 4102 1063 4141 se.
1084 4088 1139 4141 Der
1150 4086 1295 4153 Subjekts·

81 4180 163 4233 diam
182 4177 392 4246 Germanorum,
415 4178 573 4246 steigernd3
593 4178 659 4231 soll·
713 4175 853 4230 accusatis
872 4176 907 4228 ist
925 4175 984 4230 hier
1004 4176 1053 4229 wie
1072 4175 1123 4245 §3
1147 4175 1192 4229 bei
1215 4190 1294 4242 spec-

82 4279 126 4323 ten
158 4282 187 4322 es
224 4266 313 4320 selbst
343 4267 496 4321 Germaueu
526 4267 593 4321 sein.
625 4292 659 4305 -·
713 4272 774 4318 tare
792 4263 976 4329 ausgelassen.
1006 4315 1008 4319 .
