2934 4750
544 173 998 267 mmrmnqa*-
1079 217 1116 256 a
1233 186 1342 277 ‘la

96 339 233 421 paludis.
279 322 349 415 Qua
387 338 587 413 contentione
624 337 785 417 Germani,
820 355 898 418 quos
933 343 1103 419 propterea
1140 323 1295 404 (laesere

96 445 284 510 traduxerat
307 443 461 522 Rhenum,
485 447 522 506 nt
544 443 703 526 equitibus
727 443 905 525 interpositi
929 442 1172 524 proeliarentur,
1189 462 1261 508 cum

39 593 44 602 -
96 549 295 615 constantius
307 548 458 613 'universi
473 547 624 630 paludem
639 549 831 613 transissent
846 549 1022 630 paucisque
1038 547 1261 613 resistentibus

95 653 272 720 interiectis
303 653 498 735 pertinacius
532 653 687 734 reliquam
718 654 953 719 multitudinem
982 661 1089 719 essent
1116 655 1261 736 insecuti,

97 758 262 849 perterriti
285 777 347 824 non
370 759 474 825 solum
497 759 527 838 ii,
553 758 607 840 qui
629 765 686 824 aut
716 759 889 844 comminus
918 759 1178 840 opprimebantur
1204 764 1261 824 aut

97 867 219 930 eminus
241 865 500 944 vulnerabantur,
528 864 586 930 sed
614 865 722 945 etiam,
754 865 808 945 qui
838 863 965 946 longius
992 864 1161 929 subsidiari
1189 883 1261 930 eon·

97 953 239 1048 suerent,
266 971 403 1051 turpiter
435 968 709 1060 refugerunt-nee
744 971 831 1050 prius
861 967 955 1034 linem
988 970 1084 1052 fugae
1114 968 1295 1044 fecerunta

97 1095 195 1158 saepe
217 1076 341 1140 arnissis
364 1075 579 1156 superioribus
602 1075 688 1153 locis,
713 1092 808 1155 quam
831 1093 866 1139 se
889 1075 993 1138 00110
1010 1081 1260 1142 castrasuorum

98 1183 303 1264 reciperent,-
326 1187 383 1245 aut
420 1180 562 1245 nonnulli
600 1181 721 1261 pudore
755 1181 857 1246 coacti
892 1180 1014 1260 longius
1046 1179 1261 1264 profugerent.

99 1289 242 1367 Quorum
270 1287 410 1369 periculo
438 1278 625 1371 sic'omnes
658 1286 768 1367 copiae
790 1292 871 1362 ‚sunt
898 1285 1115 1366 perturbatae,
1146 1294 1181 1351 ut
1210 1291 1296 1354 0104

97 1393 230 1457 iudicari
252 1396 370 1473 posset,
394 1396 501 1455 utrum
526 1391 673 1455 secundis
696 1391 835 1455 minimis
859 1391 953 1456 rebus
977 1387 1210 1473 insolentiores,
1223 1412 1263 1458 an
1298 1464 1301 1468 ,

98 1499 233 1564 adverso
257 1497 409 1562 mediocri
432 1515 506 1562 casu
528 1496 704 1561 timidiores
727 1502 845 1562 essent.

208 1608 259 1668 14.
292 1601 515 1682 Compluribus
538 1601 650 1666 diebus
673 1602 773 1666 isdem
790 1603 951 1667 incastris
966 1604 1172 1684 consumptis,
1190 1622 1261 1669 cum
1283 1615 1294 1662 0

98 1709 229 1790 propius
253 1709 426 1772 accessisse
448 1706 588 1788 legiones
610 1711 644 1771 et
655 1706 690 1773 (1.
703 1707 895 1797 Trebonium
908 1708 1049 1790 legatum
1061 1715 1260 1790 cognossent,
1322 1711 1324 1715 '

99 1813 194 1878 duces
218 1813 460 1878 Bellovacorum
483 1814 575 1877 veriti
605 1811 742 1877 similem
769 1813 983 1879 obsessionem
1004 1814 1136 1878 Alesiae
1167 1821 1263 1880 noctu

101 1919 266 1984 dimittunt
288 1937 353 1996 eos,
376 1937 454 1999 quos
471 1923 527 1983 aut
537 1903 650 1983 aetate
666 1923 723 1982 aut
737 1919 858 2003 viribus
874 1915 1038 1984 inferiores
1055 1925 1111 1984 aut
1126 1919 1262 1984 inermes

100 2024 273 2109 habebant,
295 2042 422 2104 unaque
444 2024 565 2104 reliqua
586 2024 824 2104 impedimenta.
870 2016 1297 2106 Quorum'perturbatums

93 2136 134 2217 ‚et
156 2129 322 2194 confusum
347 2120 422 2194 dum
444 2128 605 2210 explicant
627 2132 741 2208 agmen
772 2167 809 2176 -
844 2147 960 2210 magna
984 2131 1068 2211 enim
1093 2125 1262 2195 multitudo
1357 2113 1358 2117 ¹

22 2282 26 2288 -
100 2253 262 2300 carrorum
286 2235 384 2298 etiam
407 2235 570 2315 expeditos
598 2235 689 2315 sequi
717 2234 827 2305 Gallos
858 2237 1020 2300 consuevit
1051 2273 1089 2282 -
1120 2237 1262 2316 oppressi

101 2340 170 2406 luce
195 2341 301 2422 copias
324 2348 521 2406 armatorum
544 2359 601 2422 pro
625 2341 691 2405 suis
712 2342 876 2407 instruunt
899 2342 1023 2422 castris,
1046 2360 1087 2407 ne
1103 2341 1262 2424 00100110-

93 2446 186 2511 10001
215 2448 366 2527 persequi
403 2464 438 2510 00
471 2447 656 2527 inciperent,
693 2434 791 2527 quam
822 2441 946 2529 longius
985 2465 1099 2529 agmen
1132 2449 1264 2529 impedi-

100 2557 280 2617 mentorum
310 2570 438 2617 suornm
466 2553 683 2641 processisset.
730 2554 774 2631 At
802 2552 921 2617 Caesar
949 2572 1050 2641 neque
1079 2554 1298 2640 resistentess

101 2658 331 2739 aggrediendas
354 2654 444 2722 tanto
467 2657 556 2724 collis
580 2676 715 2723 ascensu
738 2652 909 2737 iudicabat,
940 2677 1043 2750 neque
1072 2678 1134 2723 non
1164 2675 1263 2738 usque

91 2917 94 2924 ,
135 2854 161 2905 2.
180 2854 212 2902 01
234 2849 369 2917 equitibus
398 2849 554 2917 interpositi
581 2849 682 2916 proeli·
737 2849 1131 2917 saepeamississaperioribas
1144 2848 1217 2913 locis,
1232 2848 1316 2902 solbet

101 2942 229 3003 arentur,
253 2936 474 2991 0111111104.
501 2965 534 2975 --
559 2936 683 2990 anicersi
737 2937 785 2992 das
805 2937 1062 3005 gdnstige·Terrain
1081 2938 1184 2989 konnte
1205 2938 1244 2991 010
1264 2954 1315 2990 von

102 3028 146 3093 ,in
166 3025 306 3079 Massen“.
326 3054 360 3063 -
387 3026 435 3091 pai
454 3068 461 3081 .
481 3066 486 3077 .
507 3066 514 3078 .
532 3024 682 3089 commines

100 3114 342 3181 opprimebantur,
371 3112 541 3180 diejenigeh,
581 3113 682 3167 welche

103 3203 140 3257 im
160 3201 276 3255 Gelecht
295 3201 380 3253 Manu
398 3217 486 3268 gegen
507 3202 592 3254 Manu
610 3208 682 3255 stan·

102 3289 169 3353 den,
184 3288 319 3341 ,ubhrend
338 3288 444 3342 eminus
463 3288 679 3342 vulnerabantur

101 3376 255 3445 diejenigen
286 3376 460 3442 bezeichnet,
511 3376 613 3430 welche
651 3378 680 3429 in

101 3465 282 3518 Schulsneite
296 3464 424 3518 standan.
444 3493 478 3503 -
496 3464 679 3531 1009100001)-

15 3622 17 3624 ,
83 3542 203 3607 ,01011001
220 3577 255 3596 --
274 3552 384 3619 longius
411 3555 439 3605 in
468 3552 591 3606 subsidio
618 3567 681 3605 esse

102 3641 214 3708 „weiter
238 3640 273 3694 ab
298 3640 327 3692 in
347 3640 467 3694 Reserve
493 3638 603 3702 stehn“;
633 3639 682 3692 der

100 3727 249 3781 Ausdruck
277 3725 362 3780 findet
389 3726 448 3779 sich
476 3743 528 3780 nur
556 3727 624 3780 hier.

137 3820 161 3869 3.
172 3814 309 3882 perprius
319 3814 399 3879 (inem
413 3815 626 3881 fupaefecernnt
639 3856 644 3867 .
657 3856 663 3869 .
677 3860 683 3871 .
709 3850 711 3854 .

100 3919 184 3970 paam
207 3918 235 3955 se
254 3943 260 3955 .
280 3945 287 3958 .
307 3943 313 3955 .
332 3902 498 3968 reciperent,
527 3903 599 3955 nach
622 3903 683 3956 dem

100 3985 249 4058 negativen
268 3990 441 4057 Hauptsatze
461 3990 537 4043 steht
554 3991 590 4043 im
605 3992 683 4055 Tem·

99 4078 258 4147 poralsatze
284 4078 332 4131 der
354 4077 545 4145 Konjunktiv,
565 4080 625 4133 weil
651 4096 682 4133 er

99 4166 301 4234 einenfinalen
323 4166 388 4219 Sinn
408 4166 470 4231 hat,
498 4166 533 4220 01.
559 4167 683 4235 dagegen

98 4257 121 4311 1.
141 4249 223 4309 5341
252 4255 312 4309 vu.
337 4258 416 4309 004
443 4244 503 4310 vn.
529 4258 571 4309 47.
599 4260 623 4309 s.
650 4286 683 4295 -

737 3025 786 3079 der
805 3025 905 3082 Fluant
924 3025 1001 3077 nicht
1018 3024 1227 3080 zurbckhalten.

751 3116 815 3167 114.
864 3118 886 3167 1.
921 3113 1061 3165 necessisse
1088 3113 1204 3181 lapiones
1231 3118 1256 3171 01
1289 3113 1316 3167 0.
1358 3122 1361 3127 '

740 3200 914 3266 Treboniam,
939 3200 974 3255 01.
996 3205 1036 3253 11.
1062 3204 1098 3263 10
1117 3201 1160 3255 die
1178 3201 1317 3269 Legionen

732 3288 921 3354 gebrauchten
933 3288 1069 3355 angelhhr
1082 3294 1114 3356 12
1128 3289 1211 3362 Tage,
1226 3306 1270 3342 um
1283 3307 1317 3342 zn
1332 3289 1336 3298 '

733 3375 762 3429 G.
776 3393 810 3427 zu
823 3375 963 3444 gelangen.
978 3378 1011 3415 -'
1019 3376 1131 3428 similem
1143 3376 1317 3429 obsessionem
1407 3415 1410 3420 -

735 3463 845 3517 Alesiae
863 3456 1103 3518 :obsessionem
1127 3464 1241 3517 similem
1271 3466 1317 3520 ob-

736 3551 836 3605 sidioni
857 3552 979 3614 Alesiam
1008 3568 1043 3604 zu
1063 3552 1115 3605 'der
1139 3552 1317 3635 Comparatio

738 3639 956 3707 compendiaria,
974 3639 1008 3693 01.
1033 3640 1092 3693 VII.
1119 3643 1161 3694 63.
1186 3643 1203 3693 8
1240 3657 1317 3713 suum

726 3727 881 3782 consilium
900 3729 934 3781 ab
953 3728 1075 3795 reliquis.

772 3820 799 3870 2.
819 3815 958 3883 expeditos
977 3817 1199 3885 „schlagfertig“.
1253 3814 1263 3875 ’.

773 3908 798 3957 3.
818 3909 895 3985 taneto
915 3904 992 3957 collis
1015 3920 1143 3972 ascensa,
1170 3906 1218 3959 der
1238 3907 1317 3960 Mont

738 3990 918 4060 Seius-Marc,
938 3992 989 4045 001
1004 3995 1135 4047 welchem
1154 3994 1199 4048 die
1212 3994 1316 4048 Gallier

737 4080 862 4145 standan,
882 4096 938 4133 war
958 4081 1083 4136 ziemlich
1103 4083 1270 4149 abschdssig.
1284 4112 1318 4121 -

736 4182 821 4234 nepae
840 4208 847 4220 .
867 4208 873 4220 .
894 4209 900 4221 .
919 4184 1006 4235 nepae
1023 4184 1080 4222 non
1099 4194 1133 4213 =
1152 4172 1241 4238 neque
1260 4213 1265 4223 .
1286 4212 1291 4224 .
1310 4210 1318 4225 .
1423 4192 1426 4198 ·

737 4262 775 4322 et,
795 4254 828 4308 01.
849 4255 908 4309 Vll.
929 4260 971 4310 20.
992 4260 1016 4312 4.
