2934 4750
531 230 632 284 Comm.
652 230 712 283 vn.
731 232 845 285 54—57.
1252 221 1293 280 53

77 376 222 453 possent.
267 371 369 449 Quam
392 371 433 436 ud
455 389 544 453 spem
567 371 701 436 muitum
731 390 787 437 eos
816 370 997 452 adiuvabat,
1030 372 1113 453 qnod
1145 371 1239 454 Liger
1261 385 1294 436 10

73 495 116 540 er
142 476 267 541 nivibus
283 481 434 556 creverat,
452 482 488 541 ut
502 477 627 542 omnino
643 477 724 543 vado
740 495 803 542 non
818 494 912 559 posse
927 478 1055 542 transiri
1071 478 1241 544 videretur.
1281 559 1283 562 Ι

188 586 240 649 56.
286 582 409 660 Quibus
431 583 526 648 rebus
550 583 682 663 cognitis
706 580 825 648 Caesar
847 583 1070 648 maturandum
1091 583 1152 648 sibi
1167 597 1274 648 cen-1

75 687 154 767 suit,
180 690 208 753 si
230 694 316 753 esset
338 688 370 752 in
393 686 593 769 perficiendis
615 689 766 770 pontibus
790 688 1043 770 periclitandum,
1077 692 1114 752 ut
1141 689 1239 770 prius,

73 811 176 874 quam
201 800 307 859 esseut
330 795 465 859 maiores
494 812 531 860 eo
562 800 692 859 coactae
723 795 841 874 copiae,
874 794 1048 862 dimicaret.
1095 793 1175 858 Nam
1205 799 1275 860 utu

73 905 273 965 ⁴commutato
304 899 433 965 consilio
464 901 527 965 iter
557 901 589 963 in
617 900 812 981 provinciam
841 905 1041 965 converteret
1067 935 1110 948 -
1137 905 1174 964 ut
1200 919 1240 964 ne

78 1012 148 1068 tum
171 1005 300 1085 quidem
314 1006 494 1071 necessario
511 1004 688 1070 faciendum
712 1004 916 1088 esistimabat
940 1041 989 1084 -,
1014 1023 1086 1070 curn
1111 1003 1241 1070 infamia
1309 992 1312 997 ’

75 1116 177 1191 atque
201 1111 373 1192 indignitas
396 1112 442 1176 rei
458 1115 490 1175 et
501 1111 664 1193 oppositus
683 1129 773 1174 mons
797 1109 945 1175 Cevenna
959 1110 1144 1192 viarumque
1160 1108 1241 1192 diffi-

79 1215 183 1282 cultas
206 1216 405 1298 impediebat,
430 1222 497 1280 tum
521 1216 667 1294 maxime,
690 1216 775 1296 quod
798 1217 947 1282 abiuncto
971 1215 1111 1281 Labieno
1144 1220 1241 1297 atque

74 1320 119 1386 iis
141 1320 325 1403 legionibus,
349 1340 429 1403 quas
453 1322 678 1402 ammiserat,
709 1320 913 1386 vehementer
939 1323 1082 1389 timebat.
1128 1322 1243 1403 Itaque'
1260 1323 1284 1386 3'

75 1426 250 1492 admodum
266 1429 391 1509 magnis
407 1428 530 1493 diurnis
546 1430 769 1508 nocturnisque
785 1426 951 1492 itineribus
968 1427 1117 1493 confectis
1132 1433 1243 1494 contra

75 1533 220 1598 omnium
235 1533 414 1614 opinionem
429 1533 470 1598 ad
486 1533 625 1614 Ligerim
636 1533 731 1613 venit,
750 1533 894 1614 vadoque
908 1551 966 1614 per
981 1535 1105 1614 equites
1115 1535 1241 1599 invento
1260 1546 1278 1596 4

48 1657 138 1720 spro
161 1639 209 1703 rei
232 1639 421 1704 necessitate
444 1644 633 1721 opportuno,
658 1644 693 1703 ut
715 1637 867 1704 bracchia
894 1638 987 1704 modo
1016 1643 1112 1720 atque
1141 1641 1242 1704 umeri

80 1744 123 1809 ad
153 1745 337 1809 sustinenda
370 1762 459 1809 arma
492 1744 584 1810 liberi
619 1745 660 1810 ab
694 1762 777 1824 aqua
809 1761 880 1809 esse
913 1751 1052 1826 possent,
1088 1743 1241 1825 disposito

74 1848 236 1929 equitatu,
259 1850 313 1930 qui
335 1849 399 1912 virn
430 1847 568 1914 fluminis
597 1848 796 1931 refringeret,
825 1854 924 1929 atque
959 1848 1102 1914 hostibus
1138 1847 1240 1931 primo
1296 1891 1298 1895 -

78 1959 217 2036 aspectu
239 1955 435 2036 perturbatis
457 1954 647 2020 incolumem
671 1955 844 2019 exercitum
867 1953 1008 2019 traduxit
1037 1940 1241 2019 frumentum-
1260 1966 1276 2017 5

75 2061 198 2141 quein
221 2061 307 2141 ugrir
331 2066 364 2126 et
385 2054 507 2142 pecoris
531 2061 654 2143 copiam
677 2065 790 2125 nactus
813 2060 935 2141 repleto
957 2059 1005 2125 bis
1028 2061 1123 2126 rebus
1153 2077 1242 2126 exera

80 2167 148 2231 citu
171 2166 235 2231 iter
256 2165 453 2234 in'Senones
476 2164 581 2231 tacere
603 2166 751 2232 instituit.
1138 2169 1140 2173 ’

189 2277 241 2339 57.
281 2271 364 2335 Dum
391 2271 470 2337 haec
503 2271 588 2352 apud
620 2269 792 2336 Caesarem
824 2275 987 2352 geruntur,
1018 2272 1175 2337 Labienus
1205 2291 1242 2336 eo
1262 2279 1291 2334 1'

79 2378 311 2460 supplemento,
334 2377 419 2460 quod
446 2397 547 2460 nuper
577 2397 614 2442 ex
644 2377 749 2443 Italia
769 2384 911 2458 venerat,
942 2378 1052 2445 relicto
1081 2379 1241 2461 Agedinci,

81 2489 119 2548 ut
141 2489 226 2549 esset
253 2484 487 2565 impedimentis
516 2484 685 2565 praesidio,
715 2502 785 2549 cunr
814 2502 845 2548 1v
875 2485 1054 2567 legionibus
1081 2485 1243 2552 Lutetiam

77 2588 302 2671 proficiscitur.
348 2589 386 2654 ld
409 2594 459 2655 est
480 2589 628 2671 oppidum
652 2589 854 2670 Parisiorum,
878 2592 964 2671 quod
986 2592 1123 2674 positum
1147 2598 1196 2657 est
1210 2594 1243 2657 in

78 2694 188 2760 insula
209 2693 348 2759 fluminis
371 2694 549 2775 Sequanae,
590 2693 688 2759 Ouius
710 2683 850 2761 adventu
873 2696 915 2760 ab
942 2695 1087 2761 hostibus
1115 2698 1277 2779 cognitoa

117 2888 164 2943 hb·
203 2892 226 2940 l.
246 2884 352 2954 Quibus
370 2886 451 2940 rebus
461 2885 586 2955 cognitis,
606 2885 664 2940 dies
717 2886 866 2955 Strbmung
878 2903 912 2940 zu
924 2886 1052 2954 brechen,
1071 2888 1239 2942 andrerseits
1253 2888 1296 2942 die

74 2976 201 3046 geschah
221 2974 345 3030 cuidem
366 2976 475 3030 Marseh
493 2990 554 3029 vom
564 2974 665 3029 Eliver
715 2990 778 3029 vom
795 2973 1296 3031 StrudelabwbrtsGetriebenenanf·
1356 3037 1362 3048 ,

81 3065 154 3119 nach
168 3064 228 3119 dem
242 3063 334 3129 Liger.
345 3063 412 3115 -ai
424 3068 492 3115 esset
504 3102 511 3115 .
523 3104 543 3116 ..
552 3062 664 3129 pericli·
710 3061 857 3129 'rufangem
876 3090 909 3102 -
928 3062 960 3114 ia
978 3060 1109 3128 Sabinos,
1129 3063 1163 3118 cf.
1183 3080 1206 3119 c.
1225 3068 1250 3117 4.
1271 3067 1295 3129 6,

74 3151 198 3206 -tandum
216 3174 251 3193 =
270 3151 292 3203 si
317 3157 456 3205 esset...
475 3150 664 3205 dimicandum.
749 3180 751 3184 ·

119 3242 145 3292 2.
164 3244 204 3304 ut,
214 3238 358 3292 konaesair
369 3238 430 3304 ,fur
442 3238 492 3291 den
502 3238 565 3291 Feli
579 3237 665 3303 duss“,

76 3330 117 3383 cf.
137 3328 164 3381 b.
184 3343 208 3381 c.
228 3326 278 3379 ΙΙΙ.
300 3328 339 3379 17.
364 3330 389 3379 4.
411 3355 441 3363 -
461 3325 590 3379 abiuncto
608 3314 664 3379 Ld-

895 3272 973 3357 ιιι.
997 3274 1121 3340 rr-or.
1159 3232 1166 3280 ³

74 3416 170 3481 meno,
188 3414 224 3468 cf.
243 3430 265 3468 ι.
285 3416 327 3467 sa
346 3416 376 3480 a,
394 3413 443 3467 ιιι
456 3414 567 3467 veroum
579 3412 664 3468 findet
733 3395 861 3461 seraing
879 3395 929 3451 nos
946 3394 1089 3451 patronus
1108 3401 1200 3462 seren
1219 3396 1265 3452 uo

82 3505 145 3560 ιιιιι
163 3504 207 3558 ιιι
227 3502 255 3556 o.
274 3520 325 3556 ιιι
343 3518 379 3556 ιι
399 3502 490 3557 dieser
509 3502 601 3557 sane.
716 3482 862 3553 raasson
885 3483 1084 3549 veremgung
1110 3484 1160 3540 nes
1186 3499 1298 3551 raom

118 3596 145 3646 ι.
159 3606 216 3659 ιιι
233 3589 275 3643 ιιι
292 3590 463 3656 muare,
486 3590 577 3645 ιιιιι
602 3591 663 3659 ,aer
773 3604 775 3607 ·
948 3572 1067 3627 neema.

76 3680 134 3734 der
151 3678 355 3746 Dringlichlreit
373 3678 422 3733 der
440 3678 604 3748 seculare&
628 3679 665 3734 ci:
730 3678 801 3733 aba.
840 3682 862 3732 1.
882 3676 1039 3742 Labicana,
1063 3676 1098 3732 ci.
1118 3694 1140 3733 c.
1159 3680 1201 3732 34.
1215 3681 1245 3731 ’2ι
1265 3704 1296 3717 -

76 3785 107 3827 c.
127 3770 170 3821 74.
192 3771 204 3819 l
224 3782 275 3834 pro
300 3766 353 3821 loci
372 3773 478 3821 natura.
503 3797 537 3807 -
561 3767 599 3820 od
621 3784 665 3820 so·
719 3776 750 3819 'co
768 3765 963 3833 supplemento,
978 3765 1053 3831 qood
1066 3764 1299 3832 nupereaItolio

81 3855 323 3919 stimulatorum,
342 3871 387 3909 um
407 3855 451 3909 die
471 3854 579 3909 Waffen
599 3856 666 3910 iiber
719 3858 838 3919 uenerat,
857 3852 892 3906 cf.
912 3869 934 3907 c.
955 3857 978 3907 l.
1001 3856 1024 3909 1.
1044 3868 1065 3906 c.
1086 3852 1110 3906 7ss
1129 3854 1154 3906 b.
1175 3880 1206 3891 ·-
1228 3852 1299 3920 Ape·

78 3944 146 3999 dem
165 3944 282 3997 Wasser
305 3959 339 3996 zu
358 3942 462 3998 hulten.
480 3972 515 3983 -
534 3941 667 4009 disposito
720 3940 796 3993 direci
814 3940 895 4005 (Sens
916 3956 964 3993 sur
983 3938 1104 4005 donne),
1133 3939 1300 4007 Hauptstudt

76 4032 217 4101 equitatu,
234 4031 370 4086 oberhalb
389 4030 604 4085 undunterhalb
618 4030 667 4084 der
721 4028 770 4083 der
797 4028 930 4082 Senonen.
959 4054 993 4065 -
1017 4026 1156 4080 Lutetiam
1187 4027 1300 4094 (Paris),

82 4119 183 4185 Stelie,
201 4134 238 4174 au
256 4119 375 4173 welcher
395 4119 443 4173 das
462 4118 596 4173 Fussvolh
614 4118 667 4173 den
719 4116 801 4171 Stadt
827 4115 876 4171 der
904 4115 1032 4169 Parisier.
1079 4113 1216 4169 Labienus
1243 4128 1300 4169 var

83 4208 163 4262 Fluss
183 4201 367 4276 uberaohr'itt,
387 4208 496 4261 worden
516 4207 612 4260 Reiter
630 4207 666 4260 im
718 4206 799 4275 lange
826 4205 875 4259 des
898 4204 992 4257 liniren
1022 4201 1104 4257 Ufers
1130 4202 1179 4256 der
1202 4201 1301 4259 Youne

80 4295 184 4351 Fiusae
202 4294 378 4363 anfgestellt,
396 4312 440 4350 um
459 4294 604 4350 eineraeits
622 4294 666 4349 die
719 4292 775 4347 und
793 4293 843 4347 der
861 4292 942 4348 Seine
961 4291 1071 4346 dorthin
1090 4291 1260 4365 marschiert.
